4850 6094
385 232 475 307 XCI.
526 216 971 307 eneruauerunt
997 225 1096 302 xiti—
1123 227 1596 304 METAMORPHOSEON
1629 231 1789 308 OVIDll.

1174 407 1298 498 ratque
1310 413 1385 474 tuos
1401 407 1487 473 idem
1501 402 1633 494 fredus
1641 457 1653 490 ‚
1678 417 1712 477 te
1723 409 1874 496 perdidit
1885 411 1992 494 idem,

86 235 157 308 ott

80 405 203 476 eodem
216 400 320 478 hoste
340 403 519 497 perditam
542 427 639 490 esse,
666 427 687 474 a
709 427 782 500 quo
803 401 941 489 caeteri
955 401 1067 493 ipsius

80 507 182 578 liberi
202 507 274 579 sint
295 507 448 600 perditi,
473 507 511 578 id
535 509 632 604 quod
654 506 693 576 iu
715 506 842 599 primis
864 517 941 575 erat
962 503 1067 574 mise-
1169 509 1329 575 &dium
1348 507 1471 576 liciae
1485 511 1658 602 nostrique
1672 509 1827 591 ortator,
1853 511 2012 580 Achilles.

81 611 248 682 randum.
298 610 355 681 Ad
370 607 479 693 haec,
510 610 701 682 collatione
722 609 875 678 alionum
900 617 1007 676 vocat
1028 629 1066 677 se
1132 662 1135 671 ,
1168 610 1217 676 At
1228 615 1403 701 peripsum
1420 607 1739 697 ueuttrartdew)
1755 610 1942 705 Phoebique
1956 615 2102 702 sapietis,

80 713 241 784 omnium
258 711 516 797 miserrimam,
540 735 714 807 suamque
727 711 906 804 privatam
921 707 1066 778 calami·
1104 704 1108 711 ⁴
1167 711 1481 794 Nuuemtedtet,
1508 723 1639 781 nonest
1653 717 1847 784 metuendus
1860 715 2019 784 Achilles.

78 827 186 884 tatem
219 813 306 887 dicit
331 814 473 906 publica
505 813 709 884 calamitate
742 812 945 905 graviorem
970 833 1064 892 esse;
1128 840 1131 852 ·
1165 813 1269 879 Nune
1299 833 1424 906 quoque
1456 817 1505 882 mi
1538 817 1732 886 metuendus
1756 825 1843 886 eret.
1910 819 2005 887 Ciuis
2032 819 2104 904 ipse

78 939 159 985 nam
180 940 302 987 eversa
316 918 406 985 urbe
422 916 600 1009 publicam
620 918 863 987 calamitatem
887 936 962 984 esse
985 912 1065 982 lini-
1419 915 1542 1003 sepulti

77 1031 169 1099 tam3
198 1043 236 1089 se
261 1039 347 1088 vero
370 1019 532 1090 nondum
558 1017 820 1089 calamitatibus
845 1015 917 1088 suis
940 1015 1064 1086 delun·
1166 1016 1210 1082 lu
1236 1037 1345 1102 penus
1374 1015 1435 1083 icc
1460 1019 1586 1100 saeuit,-
1627 1019 1754 1088 tumulo
1784 1041 1908 1114 quopue
1936 1021 2104 1089 sensim

77 1131 169 1190 ctam
191 1143 280 1193 esse.
336 1120 384 1190 Se
404 1121 490 1190 olim
506 1133 688 1214 potentem
712 1143 754 1192 ac
773 1119 934 1202 ielicem,
967 1139 1065 1188 nune
1423 1119 1568 1187 hostem.-

75 1223 239 1293 onsnium
273 1222 550 1295 infelicissimam
588 1249 630 1294 ac
662 1221 922 1304 miserrimam,
957 1217 1078 1288 avelli.
1166 1219 1333 1286 Aeacidae
1346 1218 1512 1307 foecunde
1526 1217 1593 1310 fui.
1632 1296 1635 1309 Ι

73 1345 225 1396 morum
240 1325 408 1410 tumulis,
429 1321 523 1395 ttniri
538 1328 664 1418 procui
682 1349 701 1396 o
716 1324 888 1418 petriain
913 1320 1064 1394 servitu·
1114 1333 1189 1406 lios
1210 1336 1306 1404 enim
1324 1339 1515 1410 versucita
1531 1335 1782 1433 reprehendit:
1810 1338 1899 1411 Cum
1915 1341 2099 1435 Polyxena

70 1439 170 1510 tem,
195 1422 321 1496 haberi
347 1426 600 1512 ludibriosae
623 1429 797 1522 praebere
820 1423 1063 1497 tristissimum
1113 1437 1249 1533 (inquit
1268 1435 1360 1538 ι’·))
1385 1454 1475 1512 esset
1496 1441 1649 1513 adducta
1673 1442 1813 1514 tumulo
1827 1435 1997 1526 Achillis,
2030 1441 2102 1512 lie·

70 1528 314 1619 spectaculum
330 1549 456 1600 rernm
470 1525 724 1602 humanarum.
776 1530 966 1600 Postremo
989 1527 1062 1595 (11¹⁰
1102 1541 1202 1609 cuba
1227 1541 1334 1612 dixit:
1375 1547 1463 1614 ciuis
1487 1547 1557 1634 ipse
1573 1545 1694 1635 sepulti
1714 1549 1752 1620 iu
1769 1571 1876 1637 peuces
1899 1547 1960 1618 doc
1982 1547 2100 1629 saeuit,

71 1642 159 1702 sunt
188 1633 233 1700 ad
271 1631 486 1702 movendam
516 1633 555 1701 in
589 1635 661 1704 fine
700 1629 1064 1712 commiserationem,
1115 1653 1256 1736 poterat
1286 1669 1360 1716 esse
1390 1659 1596 1729 contentus;
1635 1649 1779 1718 adiecit:
1820 1652 1947 1720 tumulo
1975 1670 2101 1742 quoque

71 1727 387 1824 vaidepatltetiea:
407 1731 644 1820 alterum,nbi
654 1733 817 1830 queritur
831 1735 874 1804 de
890 1755 952 1804 sua
964 1730 1064 1799 viva·
1113 1749 1280 1816 seusimus
1301 1750 1447 1833 hostem,-
1487 1773 1602 1844 neque
1624 1744 1694 1819 hoc
1716 1763 1922 1833 contentus,
1955 1748 2100 1818 adiecit:

74 1833 201 1917 Clitio,
224 1835 323 1928 quod
336 1835 454 1926 frangi
469 1837 659 1908 doloribus
671 1851 704 1908 et
721 1835 879 1928 extingui
894 1843 1064 1930 nequeat,
1115 1851 1283 1918 Aeacidae
1294 1849 1460 1939 foecundo
1471 1849 1539 1941 firi.
1591 1849 1668 1944 Ego
1691 1876 1776 1922 vero
1800 1853 1915 1925 miror
1929 1849 2100 1922 Senecam

72 1937 133 2008 sed
154 1949 357 2008 reservetur
372 1936 535 2029 pluribus
561 1940 686 2018 nelis,
709 1938 923 2030 praedicens
941 1959 961 2004 a
979 1957 1064 2005 eon·
1115 1950 1153 2020 in
1175 1951 1307 2021 ovidio
1333 1953 1371 2020 id
1390 1951 1672 2046 reprehendere,
1708 1957 1806 2050 quod
1829 1968 1863 2024 et
1887 1953 2040 2048 Virgilio
2066 1961 2101 2022 et

74 2037 188 2106 “³²5⁰
211 2038 415 2110 felicliflitm
446 2041 588 2124 mariti,
626 2043 689 2134 qul
711 2054 828 2110 morit
853 2050 995 2130 ereptus
1017 2036 1065 2107 ⁵32
1115 2051 1280 2124 Ciceroni
1300 2054 1474 2126 usitatum
1491 2071 1563 2141 est,
1589 2069 1696 2153 atque
1719 2055 1757 2125 in
1782 2056 1907 2150 primis
1920 2055 2020 2126 laudi
2037 2057 2101 2124 da·

74 2139 243 2211 omnibut
266 2137 323 2212 his
352 2139 475 2224 malin
511 2143 684 2226 tiletum,
714 2141 776 2211 ubl
800 2142 965 2232 deplm'ssi
986 2158 1064 2210 ⁸⁰2·
1114 2165 1185 2227 tur.
1229 2157 1333 2227 Anne
1348 2157 1507 2230 eiusdem
1522 2159 1659 2251 generis
1675 2172 1727 2232 est
1740 2159 1830 2230 illud
1843 2157 2101 2252 virgilianum:

74 2254 145 2314 tem
163 2241 276 2327 filiae,
304 2245 401 2339 quod
417 2244 450 2314 ei
464 2267 539 2314 non
561 2243 749 2337 eontigerit
766 2247 890 2314 eadem
905 2243 1064 2325 fortuna,
1217 2271 1288 2336 pun
1304 2287 1372 2338 puer
1388 2272 1551 2330 „mmo
1568 2271 1741 2342 superornet
1758 2277 1788 2330 et
1807 2277 1931 2329 vescitur
1947 2271 2067 2335 suren)

73 2369 167 2440 quae
177 2345 325 2418 caeteris
334 2347 470 2416 Priami
479 2347 600 2418 liberis
611 2358 733 2416 tamen
746 2347 910 2438 contigit:
934 2365 1064 2435 nempe
1218 2355 1371 2413 aenenst
1391 2373 1445 2414 see
1460 2363 1723 2416 consecratoribus
1742 2363 1856 2418 mort
1871 2357 2000 2416 meent
2016 2359 2057 2428 η
2076 2402 2081 2413 .

73 2460 113 2520 ut
148 2447 187 2518 in
218 2448 336 2539 patria
371 2443 519 2520 honeste
554 2449 799 2542 sepelirentur.
873 2446 1063 2518 Caeterum
1111 2445 1207 2518 Nam
1221 2447 1272 2516 ibi
1290 2472 1369 2519 cum
1383 2447 1474 2519 nihil
1488 2453 1586 2524 aliud
1600 2466 1814 2548 quaeratur,
1840 2451 1910 2522 uisi
1923 2475 1973 2519 an
1988 2445 2111 2520 adbuc

72 2549 222 2620 Hecuba
245 2547 393 2640 lingitur
419 2571 589 2622 conversa
610 2551 650 2620 in
670 2574 814 2636 canem,
839 2551 898 2621 vel
913 2559 1064 2644 propter
1115 2549 1214 2620 virm
1233 2547 1426 2637 Ascanius,
1466 2567 1589 2625 tamen
1620 2555 1744 2624 eadem
1764 2578 1823 2624 res
1853 2566 1909 2623 ter
1930 2551 2105 2623 variatur.

73 2654 260 2747 quandem
288 2645 401 2724 animi
426 2653 655 2724 acerbitatem
685 2665 722 2724 et
748 2653 908 2739 rabiem,
949 2652 1065 2724 solent
1115 2650 1204 2722 Erat
1226 2653 1371 2746 quidem
1385 2643 1500 2728 ‘satisz
1535 2667 1735 2748 superatum
1760 2657 1822 2726 sed
1846 2654 1964 2725 addit:
1996 2652 2106 2725 tesci-

75 2754 175 2824 enim
200 2754 253 2824 ira
270 2754 408 2826 eiiersti
434 2756 541 2849 vulgo
560 2757 736 2850 appellari
751 2777 872 2838 caues;
907 2755 1065 2847 velpro-
1115 2765 1173 2826 tur
1188 2780 1276 2826 eura
1290 2758 1462 2836 adderes:
1490 2781 1554 2828 nec
1570 2759 1618 2855 ¹⁸)
1640 2755 1709 2827 hoc
1725 2771 1933 2840 contentus,
1962 2757 2102 2826 adiicit:

76 2868 156 2948 pter
170 2855 346 2948 insignem
361 2869 627 2952 contemptum,
651 2859 691 2930 in
707 2885 779 2954 quo
802 2860 870 2930 fult
889 2859 989 2950 apud
1010 2855 1065 2924 in·
1117 2879 1177 2926 uec
1200 2859 1309 2928 adduc
1335 2862 1525 2932 crudelibus
1548 2863 1685 2933 uentae
1712 2856 1870 2932 cutus?
1910 2859 2036 2930 Cicero
2063 2858 2104 2928 in

76 2959 333 3032 intentissimos
347 2955 467 3034 hostes
484 2964 574 3032 adeo
595 2961 797 3055 despicate,
823 2975 864 3035 ut
886 2984 933 3030 ne
948 2955 1066 3029 homi·
1118 2959 1282 3030 oratione
1296 2983 1363 3052 pro
1380 2960 1548 3056 Ligario,
1573 2963 1724 3064 quot')
1741 2963 1860 3036 verbis
1874 2963 1970 3036 idem
1995 2959 2105 3052 signi·

77 3063 131 3133 nis
154 3062 323 3156 quidem,
355 3063 417 3133 sed
440 3063 537 3136 canis
556 3064 638 3135 loco
661 3059 867 3136 haberetur.
931 3062 1066 3157 Quem·
1116 3062 1304 3133 beantibus
1328 3067 1478 3135 eandem
1506 3091 1582 3136 rem
1606 3063 1746 3138 versat!
1793 3089 1874 3137 cum
1901 3065 2021 3158 inquit
2040 3062 2105 3159 '):

78 3165 276 3264 admodum
290 3189 387 3236 nunc
402 3167 499 3258 apud
515 3165 654 3238 Turcas
667 3163 864 3240 Christiani
883 3161 1067 3235 habentur
1116 3161 1266 3248 Erravi,
1297 3177 1433 3238 temere
1457 3167 1546 3253 ieci,
1582 3169 1760 3260 poeniten
1804 3169 1850 3236 ad
1878 3165 2106 3236 elementiam

78 3267 230 3360 captivi,
271 3291 336 3338 nec
370 3267 475 3338 aliter
509 3269 755 3362 appellantur,
796 3291 906 3364 quam
949 3289 1066 3338 cana.
1117 3274 1217 3338 tuam
1239 3265 1308 3365 m)
1349 3271 1535 3362 confligio,
1582 3270 1702 3340 delicti
1739 3270 1882 3342 veniam
1918 3281 2023 3364 peto,
2053 3277 2107 3360 ‚ut

77 3367 194 3442 Locus
217 3393 324 3456 vero,
359 3369 582 3444 ubiilecuba
612 3371 793 3465 lapidibus
816 3370 1001 3449 interiecta
1024 3391 1066 3438 ac
1115 3369 1280 3461 ignosces
1307 3380 1391 3442 oro':
1434 3370 1521 3444 Item
1542 3369 1608 3468 ⁸¹):
1647 3373 1744 3466 Quid
1771 3387 1854 3445 tuus
1880 3370 1940 3441 ille
1958 3370 2106 3440 'limem

78 3473 253 3544 umulata
274 3486 347 3557 eet,
372 3473 454 3548 ideo
471 3498 515 3550 er
527 3498 589 3558 re,
614 3488 656 3548 ut
671 3474 789 3570 induit
801 3472 976 3556 Ovidius,
1000 3490 1066 3543 noe
1118 3473 1297 3544 districtus
1319 3473 1357 3544 in
1381 3459 1457 3546 ieie
1478 3475 1617 3567 gladius
1633 3475 1784 3567 agebat?
1818 3473 1918 3546 cuins
1940 3473 2033 3542 latus
2046 3492 2109 3566 pe·

78 3599 158 3644 men
182 3571 313 3660 habet,
351 3574 436 3670 qnia
460 3571 682 3672 κυνὸσημα,
715 3576 818 3653 cenis
835 3570 1067 3668 sepulchrum
1117 3575 1241 3645 tebet?
1273 3577 1335 3670 qui
1358 3601 1481 3650 sensus
1505 3592 1583 3649 erat
1603 3601 1787 3650 armorum
1805 3573 1980 3648 tuorum?
2013 3595 2106 3668 quae

79 3677 220 3748 dicitur.
247 3675 414 3753 Meminit
428 3673 535 3754 buius
552 3680 625 3753 loci
631 3676 1014 3774 Pomponiusflmds
1028 3676 1068 3749 in
1118 3691 1180 3748 tua
1197 3701 1317 3764 mens,
1344 3679 1457 3765 oculi,
1481 3705 1628 3765 manus,
1654 3685 1764 3752 ardor
1780 3678 1917 3750 annui?
1941 3676 2030 3772 qnid
2045 3699 2106 3746 eu-

80 3778 317 3872 descriptione
332 3775 785 3868 Cberrhonesi'l'hraciae,
811 3775 1069 3876 suntquehaec
1117 3779 1267 3872 piebas?
1300 3781 1388 3878 quid
1403 3782 1578 3874 optabas?
1613 3781 1758 3876 Quanta
1774 3781 1833 3854 hic
1855 3778 2107 3872 multiplicatio

80 3880 188 3972 ipsius
206 3883 339 3952 verba:
363 3881 429 3954 Fet
445 3883 496 3954 ibi
506 3882 627 3978 Cynos
641 3907 754 3970 serua,
777 3885 940 3956 tumulus
952 3881 1069 3954 liecu-
1120 3885 1312 3954 verborum
1334 3897 1371 3956 et
1386 3886 1662 3958 sententiarum!
1696 3887 1854 3978 gladius,
1880 3906 2026 3966 mucro,
2050 3899 2108 3950 ar-

80 3983 166 4069 bae,
192 3983 271 4058 sive
286 3986 457 4078 exiigura
475 3988 597 4074 canu,
621 3987 783 4082 inquam
797 4009 970 4061 moverta
994 3995 1069 4056 tra·
1121 4007 1201 4071 ma,
1228 4010 1370 4073 sensus,
1395 4009 1517 4073 mens,
1543 3989 1704 4070 animus;
1725 3987 1912 4082 cupiebas,
1937 3985 2109 4076 optabas;

80 4085 194 4173 ditur,
228 4087 555 4174 sinceriorum,
579 4089 621 4163 in
643 4113 753 4185 quarn
777 4091 979 4176 decideret,
1002 4083 1070 4160 hu·

82 4189 154 4260 mili
176 4189 328 4264 nomine
346 4203 504 4286 accepto.

2023 234 2102 311 688

1154 4253 1204 4316 id)
1234 4257 1340 4314 must
1362 4259 1499 4324 metae]
1524 4259 1568 4312 sio
1590 4259 1675 4316 suet.
1695 4259 1792 4323 aas,
1822 4255 1916 4320 tetes
1948 4251 2027 4310 ovid
2053 4249 2105 4306 tte.

1189 4325 1300 4381 liitscb.
1320 4325 1438 4381 rause
1454 4329 1569 4384 cecidit.

1155 4429 1224 4490 W)
1241 4431 1337 4486 denso.
1353 4434 1480 4485 cennos.
1499 4431 1542 4484 Ἀ
1561 4431 1634 4484 extr.

1154 4537 1204 4598 κ)
1222 4535 1303 4602 virg.
1321 4537 1389 4588 Asu.
1402 4536 1451 4602 ut,
1467 4534 1528 4590 819.

1154 4639 1205 4700 m
1228 4637 1309 4704 vtes.
1325 4639 1395 4690 Aen
1413 4637 1437 4704 1,
1453 4637 1513 4690 ut.
1545 4636 1580 4693 iti
1605 4649 1709 4693 verm
1725 4637 1752 4692 Ιι.
1769 4637 1791 4690 t.
1814 4634 1854 4688 tta
1877 4625 2015 4686 ceolnod
2028 4629 2109 4706 'mnu

1191 4707 1272 4773 qussi
1288 4705 1359 4772 spui
1375 4705 1524 4772 Virgilium
1542 4706 1615 4757 alter
1631 4705 1750 4759 sitorum
1767 4703 1962 4766 subsequetur.

87 4409 290 4488 Ovidius
331 4438 352 4486 a
391 4414 562 4488 Seneca
612 4413 741 4488 nullo
780 4409 961 4486 iudicio
999 4433 1070 4484 re-

438 4515 704 4611 prehensus.

179 4669 260 4739 Hoc
282 4669 363 4741 loeo
384 4671 587 4744 revellenda
612 4683 665 4744 est
685 4667 843 4754 iniuria,
875 4691 984 4766 quam
1008 4665 1069 4738 Se·

85 4793 167 4842 neca
184 4769 319 4844 Ouidio
333 4771 439 4860 iacit,
464 4801 544 4849 cum
564 4775 615 4846 ait
629 4799 711 4846 enm
735 4771 872 4846 nescire
894 4769 1070 4856 desinere,

85 4883 117 4942 et
148 4897 254 4968 saepe
289 4899 520 4972 corrumpere
559 4876 782 4963 sententias,
820 4877 908 4947 dum
950 4874 1070 4959 studet

83 4997 187 5048 unam
215 5001 292 5050 rem
314 4977 393 5054 aliis
413 4995 521 5078 atque
544 4983 624 5058 aliis
646 4982 763 5052 verbis
784 4977 922 5074 eloquit
961 4977 1070 5074 idque

1154 4807 1205 4872 Β)
1222 4812 1290 4872 uss]
1307 4807 1349 4861 sio
1366 4807 1450 4862 retu
1468 4807 1562 4874 tute
1577 4809 1631 4862 rt.
1645 4807 1720 4864 161.
1740 4819 1784 4860 ns.

1153 4913 1203 4974 2⁹)
1221 4913 1301 4978 quot]
1318 4911 1360 4966 sie
1375 4913 1459 4964 Eritne
1476 4911 1569 4975 treus
1592 4910 1642 4964 rt.
1655 4910 1732 4965 tete.
1751 4908 1830 4974 quod.

1156 5018 1207 5078 ⁸2)
1223 5015 1283 5070 ors
1300 5027 1351 5082 pre
1368 5015 1481 5082 unde
1496 5017 1542 5082 to,
1557 5013 1602 5069 ἃ.

86 5083 211 5170 probat
233 5081 280 5170 (si
300 5081 381 5155 Diis
402 5085 535 5184 placet)
557 5087 719 5180 exemplo
744 5081 875 5156 horum
901 5102 1081 5152 versuum
1155 5116 1224 5181 η.)
1240 5124 1331 5184 m]
1347 5121 1378 5174 ,η
1395 5119 1446 5174 20,
1462 5117 1539 5172 μω,
1559 5119 1649 5170 seut.

87 5179 177 5270 (ve.
193 5179 458 5284 eoo-sos.):
481 5261 486 5274 ,

94 5335 294 5356 —n-

118 5433 165 5500 tt)
181 5435 313 5502 ronna.
329 5435 403 5490 lists
419 5433 456 5502 n,
472 5435 500 5502 1,
517 5435 544 5490 t.

1156 5223 1205 5284 st)
1229 5223 1286 5275 cic.
1305 5225 1323 5275 1.
1342 5225 1360 5276 Ι.
1378 5223 1405 5284 1,
1417 5221 1443 5276 9.
1452 5255 1462 5288 ,
1488 5221 1533 5272 ubi
1551 5223 1618 5273 baec
1634 5221 1662 5271 tn
1681 5221 1730 5274 nd
1750 5219 1837 5272 oreti.
1861 5217 2005 5282 leguntur:
2036 5211 2109 5276 Quid
2174 5229 2178 5238 ·

1191 5292 1279 5356 enin,
1308 5293 1430 5358 Tubero,
1461 5294 1525 5342 tuus
1555 5292 1603 5342 lite
1631 5289 1782 5340 destrictus
1812 5287 1839 5337 iu
1865 5287 1926 5336 sele
1949 5283 2111 5333 Ptsrssttus

1093 5337 1101 5468 Ι
1192 5361 1304 5482 ξὲὲΰιῡᾶ
1319 5353 1441 5426 meust
1458 5361 1536 5412 euius
1552 5361 1627 5415 letes
1644 5361 1692 5411 ille
1708 5369 1802 5411 numo
1818 5345 1950 5422 petetsti
1975 5351 2022 5416 gui
2038 5363 2108 5402 seu·
