4800 6080
302 223 381 304 aas
883 187 1012 296 erun.
1043 220 1157 296 nnn
1192 221 1397 296 seeum
1428 221 1771 304 mnnonocrca¹
2254 229 2310 305 m

304 393 495 492 purpureis
515 393 631 468 insciis
653 405 759 466 nocte
781 394 952 470 facientes
974 397 1062 482 iter,
1095 409 1130 466 et
1146 391 1298 468 Chironi
1349 401 1431 484 det,
1458 398 1526 470 tibi
1545 424 1633 470 vero
1655 399 1722 472 flos
1743 392 1941 493 pubertatis
1963 411 2090 494 turget.
2113 411 2117 419 '
2148 399 2247 472 Potes
2266 425 2313 472 eu·
2362 435 2363 440 ¹

303 525 361 572 mc
378 501 557 570 dederunt
572 499 753 580 alendum.
806 497 899 590 (Str.
916 498 969 595 6.)
997 500 1210 591 Cognoscite
1234 527 1297 574 au·
1349 515 1421 572 tem
1439 503 1581 574 auterre
1597 503 1689 574 hum
1708 507 1929 578 terrestrium
1956 507 2183 576 daemonum.
2234 501 2312 574 lubet
2362 571 2363 576 ,

302 619 374 676 tem
399 606 579 676 summani
598 575 733 674 horum
762 617 992 689 sermonum,
1017 603 1159 698 ,inclyti
1189 604 1296 689 cives,
1349 605 1445 677 enim
1462 602 1618 678 Phrixus
1633 607 1792 678 animam
1811 633 1913 680 suam
1931 607 2052 680 reduci
2067 631 2131 699 per
2148 631 2227 692 vos,
2249 631 2313 697 pro

301 719 493 802 parentum
522 725 684 784 meorum
715 707 844 776 dorum
873 703 964 776 mihi
996 707 1102 800 plane
1127 707 1295 780 indicate.
1347 709 1543 782 liciscentes
1566 712 1612 778 ad
1627 708 1760 782 Aeetae
1777 707 1973 783 thalamos:
2008 723 2044 782 et
2064 709 2192 802 pellem
2215 709 2313 780 arietis

300 809 453 884 Aesonis
479 810 573 878 enim
603 807 695 878 lilius
726 808 916 900 indigena,
951 835 1027 880 non
1058 812 1105 880 ad
1139 811 1294 884 alienam
1347 808 1547 897 advehere,
1582 813 1646 908 qui
1668 839 1712 885 er
1731 814 1851 886 Ponto
1876 827 2036 886 servatus
2057 825 2109 884 est
2131 811 2221 904 (Str.
2234 812 2313 906 8.)a

300 912 544 986 terramveni.
595 911 794 984 Centaurus
809 935 867 982 me
885 911 1029 986 divinus
1044 911 1208 988 iasonem
1229 939 1295 985 no·
1346 939 1524 988 novercae
1541 917 1663 1009 impiis
1678 918 1767 989 telis.
1820 917 1919 990 llaec
1942 913 2032 988 mibi
2053 916 2187 1008 species
2206 913 2314 986 somnii
2362 919 2363 980 l

301 1017 464 1088 minavit.
1347 1019 1514 1113 imperat.
1582 1017 1807 1110 Interrogavi
1836 1033 1955 1094 autem
1983 1020 2168 1093 oraculum
2190 1013 2314 1110 Delphi

403 1119 460 1190 Sic
493 1117 556 1188 ait.
623 1117 729 1188 llunc
763 1121 1017 1211 procedentem
1049 1119 1164 1213 patris
1200 1123 1294 1194 oculi
1346 1148 1450 1209 eum,
1475 1147 1522 1196 an
1539 1122 1600 1192 illa
1626 1149 1685 1196 res
1707 1124 1871 1216 indagari
1896 1125 2018 1217 possit.
2066 1123 2116 1192 ac
2128 1121 2253 1214 Apollo
2273 1144 2313 1190 ce·

299 1233 542 1316 agnoverunt,
586 1245 628 1290 ex
659 1221 758 1292 cuius
779 1222 951 1294 senilibus
972 1222 1154 1316 palpebris
1178 1226 1294 1319 lacry-
1345 1227 1492 1298 lerrime
1514 1241 1551 1298 tc
1569 1226 1670 1300 iubet
1701 1227 1825 1298 navim
1859 1228 2035 1297 fabricare
2068 1227 2114 1296 ad
2147 1225 2315 1317 protectio·

296 1349 380 1399 mae
393 1325 637 1407 stillaverunt,
665 1324 749 1418 quia
776 1325 814 1396 in
839 1327 962 1401 animo
984 1328 1206 1410 laetabatur,
1240 1329 1294 1397 vi·
1345 1355 1442 1403 nem.
1507 1330 1587 1400 lloc
1609 1343 1793 1400 certamen
1814 1327 2226 1420 voluntariussuscipio.
2276 1325 2313 1395 br

298 1433 385 1500 dens
402 1423 682 1522 pulcherrimam
701 1429 875 1501 sobolem.

400 1532 500 1625 (Arsi.
517 1531 572 1627 d.)
602 1528 788 1604 Venerunt
804 1545 839 1603 et
857 1535 964 1603 ambo
982 1535 1114 1604 fratres
1127 1533 1292 1618 Aesonis,

296 1635 419 1710 audita
436 1639 532 1706 fama
547 1635 641 1706 eius:
678 1630 813 1709 Pheres
836 1637 962 1708 relicto
986 1638 1086 1708 fonte
1109 1637 1292 1732 Hypereo,

295 1753 331 1813 et
349 1733 563 1833 Amythaon
595 1762 638 1808 er
661 1737 844 1811 Messana.
912 1741 1022 1810 Venit
1053 1753 1089 1812 et
1116 1743 1292 1812 Admetus

293 1840 459 1923 Pheretis
483 1841 598 1926 lilius,
639 1854 674 1912 et
697 1841 902 1935 Melampus
922 1840 1164 1940 Amythaonis
1186 1845 1292 1929 filius,

294 1947 516 2040 gratulantes
531 1945 635 2017 fratri
651 1948 822 2036 patrueli:
851 1973 943 2042 quos
966 1950 1002 2017 in
1019 1948 1187 2020 convivio
1210 1971 1292 2020 sua·

294 2051 399 2125 vibus
417 2048 644 2120 sermonibus
659 2051 797 2144 excepit
814 2048 941 2135 lason,
966 2047 1158 2144 hospitalia
1176 2049 1291 2122 officia

295 2165 502 2248 praestans,
528 2165 563 2222 et
579 2153 617 2224 in
632 2147 852 2226 hilaritatem
871 2157 1016 2240 ducens,
1040 2155 1202 2250 quinque
1218 2154 1293 2226 die-

295 2261 363 2332 bus
379 2259 574 2348 decerpens
597 2257 722 2328 liorem
739 2258 918 2342 ¹laetitiae.
972 2257 1054 2352 (Ep.
1071 2257 1124 2354 6.)
1152 2257 1292 2332 Verum

294 2373 394 2440 sexta
424 2359 483 2430 die
511 2360 704 2452 proposuit
727 2363 859 2432 serium
883 2385 1087 2434 sermonem
1120 2363 1293 2454 cognatis,

298 2465 459 2560 quicum
476 2464 737 2558 seqtrebantur3
764 2467 924 2560 quicum
940 2466 1178 2538 surrexissent
1193 2489 1213 2536 a
1238 2491 1293 2537 se·

297 2569 422 2652 dibus,
448 2566 597 2658 inpressi
613 2569 761 2641 domurn
778 2569 921 2656 Peliae,
946 2570 997 2641 ihi
1013 2581 1200 2643 steterunt.

399 2670 476 2742 Hos
490 2671 640 2744 audiens
657 2671 795 2758 Pelias,
820 2674 994 2764 processit
1010 2673 1168 2746 obviam.
1207 2671 1292 2742 Pla·

300 2775 417 2846 cidum
435 2787 557 2846 autern
572 2798 776 2848 sermonem
794 2777 952 2861 stillans,
980 2777 1292 2848 iecitsundamen·

298 2892 374 2953 tum
390 2877 595 2970 sapientum
611 2902 831 2960 sermonum.
886 2879 978 2976 (Str.
994 2881 1047 2976 7.)
1068 2881 1162 2954 Sunt
1175 2878 1293 2950 bomi-

300 3005 387 3051 num
411 2992 549 3051 mentes
571 2981 766 3055 velociores
794 2986 839 3054 ad
869 2983 1092 3060 laudandum
1124 2986 1291 3056 dolosum

300 3085 439 3156 lucrum
455 3084 715 3177 praeliustitia,
747 3089 950 3179 repentium
976 3103 1097 3162 tamen
1119 3093 1166 3160 ad
1191 3111 1293 3182 aspe-

300 3212 382 3260 rum
399 3198 478 3278 post
492 3187 674 3282 lestum⁹).
726 3191 796 3262 Sed
814 3205 850 3262 et
864 3217 920 3266 me
939 3205 975 3265 et
988 3207 1022 3264 te
1046 3205 1192 3288 oportet
1215 3216 1293 3264 mo-

300 3291 467 3362 meantes
496 3291 606 3378 iram,
645 3293 824 3391 reliquum
856 3297 951 3369 vitae
982 3297 1133 3370 feliciter
1162 3312 1293 3372 texere.

301 3393 399 3464 llaec
419 3393 484 3465 tibi
505 3395 631 3466 scienti
653 3399 747 3471 dico.
813 3395 893 3470 Un'a
929 3402 1058 3474 bucula
1083 3414 1199 3474 mater
1224 3399 1295 3473 tuit

303 3488 457 3582 Cretheu
482 3509 518 3568 et
537 3499 742 3576 Salmoneo.
808 3502 884 3580 Nos
914 3530 1000 3579 vero
1027 3507 1164 3580 abillis
1187 3504 1293 3576 tertia

302 3601 531 3692 generatione
542 3603 638 3692 orti,
664 3607 749 3678 solis
770 3603 894 3678 iumen
917 3604 1091 3684 videmus.
1144 3609 1295 3682 Abesset

303 3715 423 3784 autem
441 3704 608 3793 felicitas,
631 3709 661 3782 si
678 3709 774 3806 quod
791 3713 913 3782 odium
932 3727 1022 3788 esset
1045 3715 1141 3786 inter
1162 3736 1294 3804 cogna-

197 3863 200 3871 .
304 3817 361 3880 los
382 3805 460 3876 sine
483 3811 633 3898 pudore.
695 3815 797 3908 (Ant.
815 3815 867 3910 7.)
893 3815 978 3890 Non
1003 3821 1106 3892 decet
1130 3843 1197 3888 nos
1220 3815 1295 3907 gla-

1345 1433 1447 1518 iuro,
1473 1457 1531 1504 me
1547 1457 1799 1506 concessurum
1815 1457 1910 1519 esse,
1936 1447 1979 1505 ut
1997 1434 2093 1504 solus
2116 1448 2259 1522 regnum
2278 1441 2314 1498 te

1344 1561 1442 1610 neas.
1511 1533 1666 1628 Iupiter,
1701 1550 1807 1610 autor
1830 1537 1971 1628 generis
1988 1534 2126 1618 nostri,
2160 1532 2253 1604 testis
2272 1528 2314 1610 sit,

1344 1637 1414 1711 boc
1427 1643 1672 1711 iuramentum
1692 1654 1812 1712 ratum
1829 1643 1918 1712 lore.

1447 1777 1551 1846 Hanc
1565 1777 1769 1869 pactionem
1792 1789 1919 1849 mutuo
1944 1797 2112 1846 concessu
2137 1773 2314 1866 approban-

1344 1893 1396 1954 tes
1412 1881 1662 1954 discesscrunt.
1710 1880 1799 1951 Mox
1813 1878 1916 1951 lason
1935 1876 2036 1974 (Ant.
2054 1879 2108 1976 8.)
2123 1878 2219 1948 misit
2235 1898 2314 1968 prac-

1342 2009 1471 2070 concs,
1497 1996 1539 2055 ut
1551 1985 1685 2079 ubique
1700 1984 1956 2054 denuntiarent
1975 1983 2173 2052 institutam
2194 1979 2314 2068 naviga·

1344 2090 1496 2161 tionem.
1563 2088 1643 2159 Cito
1679 2087 1789 2180 igitur
1820 2101 1892 2158 tres
1925 2085 1989 2156 lilii
2023 2083 2119 2156 lovis
2153 2091 2314 2162 venerunt,

1343 2193 1533 2276 Hercules,
1579 2193 1710 2262 Castor
1744 2202 1779 2260 et
1808 2189 1954 2260 Pollux:
2005 2198 2040 2258 et
2070 2187 2138 2257 lilii
2169 2183 2314 2278 Neptuni,

1345 2323 1435 2393 quos
1449 2295 1609 2390 pudebat
1620 2317 1697 2364 non
1714 2293 1838 2363 venire
1854 2304 2005 2386 propter
2024 2292 2159 2377 robur,
2184 2287 2315 2380 Pericly·

1344 2425 1471 2472 menus
1488 2425 1530 2470 ex
1539 2393 1874 2492 Pylo,Euphemus
1890 2421 1934 2468 ex
1943 2396 2135 2496 Taenaro,
2161 2387 2314 2486 Orpheus,

1343 2503 1523 2599 Apollinis
1538 2503 1645 2574 lilius.

1448 2639 1530 2734 (lip.
1548 2637 1601 2734 8.)
1626 2635 1728 2708 Misit
1744 2648 1779 2706 et
1791 2635 2015 2718 Mercurius,
2044 2645 2172 2704 tenens
2190 2650 2314 2702 aureum

1344 2745 1562 2828 caduceum,
1589 2740 1752 2834 geminos
1773 2741 1866 2811 lilios
1892 2741 1938 2810 ad
1962 2761 2138 2830 magnum
2159 2737 2313 2806 laborem:

1345 2847 1409 2942 qui
1442 2844 1649 2916 deliciantes
1681 2844 1892 2938 pubertate,
1938 2853 1973 2913 et
2005 2835 2212 2912 habitantes
2242 2836 2314 2908 cirea

1343 2950 1570 3034 Pancaeum,
1613 2947 1685 3018 cito
1716 2959 1905 3016 venerunt.
1972 2944 2080 3014 Pater
2102 2943 2240 3014 Boreas
2263 2939 2315 3008 cito

1344 3054 1502 3126 armavit
1516 3053 1628 3122 Zeten
1644 3064 1679 3121 et
1694 3049 1841 3137 Calain,
1866 3045 2053 3120 horrentes
2068 3045 2256 3144 purpureis
2268 3039 2315 3111 alis

1346 3157 1383 3228 in
1402 3171 1515 3250 tergo.

1446 3275 1537 3348 luno
1555 3275 1699 3346 veroin
1716 3273 1884 3346 omnihus
1898 3269 2069 3345 heroibus
2093 3269 2251 3362 accendit
2271 3265 2316 3334 dc·

1345 3381 1519 3454 siderium
1544 3377 1637 3474 (Str.
1655 3377 1710 3475 9.)
1730 3377 1853 3460 navis,
1887 3401 1934 3448 ne
1962 3375 2042 3471 quis
2064 3376 2165 3468 apud
2186 3384 2314 3444 matrem

1344 3485 1489 3556 relictus
1505 3494 1689 3566 maneret,
1715 3503 1872 3576 coquens
1889 3492 2042 3552 aetatem
2057 3479 2137 3550 sine
2160 3472 2316 3572 periculo.

1345 3591 1410 3662 sed
1426 3588 1532 3658 vellet
1549 3585 1713 3656 invenire
1728 3585 1871 3656 virtutis
1885 3579 2121 3677 pharmacum
2138 3593 2220 3676 post
2233 3595 2317 3675 ⁸rnor-

1345 3704 1418 3763 tem
1435 3715 1517 3763 cum
1535 3687 1652 3762 sociis.

1449 3811 1649 3904 Postquam
1674 3807 1786 3901 igitur
1807 3808 1848 3876 in
1869 3804 2005 3879 Iolcum
2029 3807 2197 3899 pervenit
2213 3811 2316 3876 nanu-

303 3907 373 3980 diis
389 3909 676 4006 vulnerantibus,
702 3941 820 4014 neque
837 3921 973 4014 sagittis
997 3921 1218 4016 patrimonia
1242 3917 1296 3990 di·
1346 3937 1430 3984 rum
1445 3913 1531 3996 llos,
1555 3910 1662 3984 lason
1679 3910 1971 3984 omneslaudans
1990 3912 2181 3982 recensuit.
2230 3905 2317 4000 Vates

304 4011 436 4084 videre.
476 4012 654 4116 Relinquo
669 4021 736 4092 tibi
751 4027 917 4116 pecudes,
942 4030 1101 4099 etboum
1118 4033 1295 4103 armenta,
1347 4041 1436 4088 vero
1453 4015 1603 4110 Mopsus
1617 4016 1813 4090 ¹exercitum
1832 4015 2023 4086 collocavit
2042 4013 2081 4082 in
2102 4014 2243 4094 navim,
2270 4027 2318 4074 eu·
2362 4053 2363 4100 p

304 4125 470 4206 elitmss
496 4143 586 4212 quos
603 4125 779 4198 abstulisti
796 4129 885 4200 meis
900 4131 1123 4220 parentibus,
1150 4125 1297 4196 etlrue·
1348 4119 1460 4212 guriis
1482 4132 1519 4189 et
1538 4119 1707 4192 sortibus.
1769 4117 1923 4189 Ancoris
1946 4129 2067 4188 autem
2088 4113 2263 4212 suspensis
2283 4105 2317 4222 etl
2362 4169 2363 4184 .

305 4214 354 4285 15⁵
384 4217 454 4300 ⁸5⁸,
494 4222 636 4297 divitias
669 4231 868 4302 cumulans.
937 4231 1012 4304 Nee
1041 4255 1100 4302 me
1133 4226 1296 4300 cruciant
1347 4235 1527 4306 rostrum,
1567 4220 1668 4315 (Ass.
1683 4221 1738 4318 9.)
1764 4225 1836 4294 dux
1856 4234 1999 4314 accepta
2023 4217 2146 4314 phiala
2168 4223 2206 4292 in
2225 4231 2318 4325 puppi

304 4309 411 4402 baec,
436 4331 533 4406 tuam
557 4327 704 4402 domum
729 4333 910 4424 augentia.
962 4335 1031 4404 Sed
1053 4343 1234 4424 sceptrum
1263 4339 1299 4396 et
1349 4325 1542 4396 invocabat
1561 4323 1685 4396 lovem
1708 4337 1744 4396 et
1769 4339 1915 4410 ventos,
1949 4338 1984 4395 et
2006 4338 2148 4409 noctes,
2181 4336 2215 4394 et
2235 4324 2318 4428 pouit
2362 4405 2363 4416 ἵ

305 4413 474 4504 lllfflflut,
509 4427 567 4496 cui
586 4429 744 4508 insidens
761 4435 848 4506 olim
867 4435 1008 4518 Aeson,
1031 4431 1298 4514 Cretheililius,
1349 4427 1445 4514 vias,
1470 4441 1506 4502 et
1519 4428 1632 4504 laetos
1648 4429 1723 4501 dies
1738 4439 1774 4498 et
1792 4429 1931 4500 felicem
1946 4429 2116 4502 reditum.
2168 4426 2222 4498 Ex
2234 4419 2319 4494 nubt-

304 4519 416 4594 (ΝΜ
429 4522 504 4609 illm
522 4535 676 4624 equestri
685 4535 733 4632 1”)
750 4538 906 4628 populo;
933 4533 1023 4606 haec
1037 4536 1169 4606 solvito
1193 4533 1298 4604 nohis
1349 4531 1415 4604 hus
1431 4557 1518 4604 vero
1533 4533 1655 4606 sonuit
1668 4534 1823 4604 inustum
1840 4533 1999 4617 tonitru,
2025 4543 2202 4602 venerunt
2223 4538 2255 4596 ct
2272 4541 2320 4591 re·

304 4621 382 4738 sine
407 4633 588 4702 communi
612 4635 759 4722 dolore,
799 4641 880 4730 (Ep.
893 4633 946 4733 7.)
974 4661 1020 4708 ne
1043 4638 1144 4730 quod
1161 4636 1296 4704 malum
1350 4635 1401 4705 dii
1416 4637 1577 4729 fulguris.
1627 4635 1766 4708 Heroes
1785 4659 1871 4706 vero
1886 4634 1978 4706 moti
1992 4635 2102 4728 siguis
2117 4631 2256 4712 divinis,
2277 4645 2320 4694 re·

304 4725 389 4796 ’ΜΕ
415 4729 552 4803 excites·
1349 4738 1584 4831 spirationem
1618 4739 1743 4812 sistere
1776 4751 1982 4834 coeperant.
2048 4738 2129 4834 (Ep.
2153 4738 2205 4830 9.)
2231 4729 2319 4798 Vetti

405 4828 465 4898 Sic
494 4833 582 4905 dixit
605 4833 725 4908 lesou.
785 4837 931 4908 Placide
963 4850 1085 4907 autem
1113 4840 1299 4932 respondit
1350 4855 1468 4914 autem
1480 4842 1527 4941 ¹¹)
1551 4842 1784 4936 praeconium
1808 4843 1911 4927 lecit,
1943 4854 1985 4912 ut
2006 4866 2127 4912 renam
2152 4839 2318 4931 agitarent

305 4923 440 5000 &5³⁸²
472 4929 547 5005 ΕΠ)
564 4937 666 5020 ῑὸῑῑδ,
700 4940 763 5008 sed
786 4939 857 5008 iam
883 4963 941 5008 me
963 4953 1125 5012 senectus
1148 4943 1298 5016 circum·
1349 4946 1470 5020 dulces
1484 4971 1564 5040 spes
1586 4945 1761 5018 indicans.
1813 4944 2018 5037 Remigatio
2041 4946 2152 5038 igitur
2170 4934 2318 5036 procede·

305 5081 513 5102 ·---
1347 5049 1411 5120 bat
1424 5051 1611 5122 indelessa.
1666 5048 1829 5144 Cumque
1845 5048 1969 5120 Austri
1989 5049 2078 5120 llatu
2099 5043 2319 5142 pervenerunt
2362 5125 2363 5132 ἵ

340 5159 593 5292 uppppsnrgpu]
620 5165 664 5217 ne
687 5168 739 5222 re.
754 5169 829 5220 asse.
854 5167 949 5230 (atne.
966 5166 1117 5244 extans),
1150 5177 1200 5230 re.
1221 5179 1297 5233 asse
1349 5155 1396 5224 ad
1420 5156 1553 5228 ostium
1573 5153 1678 5246 ponti
1690 5151 1844 5224 Euxini:
1875 5153 1929 5223 ibi
1948 5149 2119 5246 Neptuno
2144 5145 2318 5222 funderunt

339 5335 389 5392 tu)
408 5334 470 5386 tnrr
487 5335 613 5399 equestri
633 5339 747 5408 populo]
766 5341 809 5394 rlc
820 5345 870 5394 Ed.
883 5345 960 5397 tbi&
978 5349 1028 5409 [ll.
1041 5351 1144 5416 rupa,
1162 5357 1296 5410 Boeotus

374 5407 553 5463 equertrtttns
572 5410 681 5470 populis
700 5411 762 5464 terr
776 5431 814 5460 =
830 5413 908 5467 reru.
933 5413 1066 5479 ἱππόταις
1088 5421 1166 5484 inste
1189 5421 1297 5492 dtrnelt

407 5471 414 5503 a
459 5477 471 5500 .
1387 5418 1919 5488 ¹¹)suten1ueseapu12nnc
1939 5417 2001 5486 tue
2036 5423 2123 5478 rust.
2142 5417 2230 5474 asse..
2255 5403 2316 5462 ιω·

421 5507 425 5512 -
442 5474 518 5525 uss.
538 5477 626 5528 nate:
652 5478 714 5530 tora
730 5483 872 5546 cenem
888 5487 999 5550 populo,

1421 5492 1519 5545 nendo
1538 5495 1667 5558 synogas
1692 5497 1792 5548 arten.
