4800 6080
63 270 132 348 16⁷
235 307 240 323 ¹

59 445 282 538 nevolentiae
308 455 484 534 mutuas,
519 450 594 522 slve
628 453 830 542 restitutae,
871 458 954 529 sive'
974 471 1059 530 ton·
1114 501 1124 508 ·

63 551 211 620 ciliatae.

154 628 476 742 vrsano-'ean
497 673 733 765 Reponamus
748 675 963 750 benevolum
981 630 1058 749 ani-

59 773 346 856 uum-nterea
362 773 699 850 anianus-amabilia
712 802 822 872 opera
851 784 1058 854 delectatiol

57 877 120 948 nis.
172 874 254 946 Cito
284 875 379 944 enim
403 877 494 948 sicut
517 881 687 971 cogitatio
712 880 829 978 (Nihil
855 900 908 958 est
928 888 1056 956 volati-

56 981 120 1050 lius
152 975 342 1047 bominum
372 981 649 1071 cogitationibus
671 989 754 1082 etc.)
780 993 953 1080 praeterit
977 992 1056 1083 pul·

56 1079 138 1152 ebra
164 1082 333 1165 iuventa,
366 1101 484 1178 neque
508 1110 684 1181 equarum
713 1090 868 1186 impetus
892 1105 945 1164 est
966 1095 1056 1164 cele-

58 1187 152 1268 rior,
179 1208 273 1278 quae
285 1207 400 1278 equae
416 1187 538 1258 ferunt
553 1191 671 1262 virum
689 1194 901 1266 bellatorem
919 1199 965 1266 ad
989 1222 1055 1289 pu·

55 1311 158 1380 gnam
184 1287 366 1372 celeriter,
409 1290 624 1365 delectantes
649 1319 777 1389 campo
802 1301 938 1370 serente
962 1301 1056 1370 triti-

55 1387 167 1488 cum.]
201 1389 285 1462 lton
308 1386 523 1489 πυρφόρος,
550 1401 612 1467 sed
633 1395 862 1496 πυροφόρος.
929 1404 1054 1496 sitigo,

54 1495 85 1564 id
111 1507 186 1576 est,
219 1491 367 1582 9100111,
386 1497 459 1566 ·veI
480 1521 599 1592 rogus.
658 1501 760 1572 Olira
785 1519 820 1574 et
841 1507 946 1599 siligo
970 1531 1055 1600 pro-

53 1597 184 1668 miscue
199 1609 433 1688 usurpantur.

150 1713 230 1786 Vss.
247 1713 323 1785 9s9
340 1741 393 1812 sq.
425 1717 535 1804 Bibe,
564 1745 643 1791 cum
661 1725 810 1811 bibunt,
838 1731 985 1824 quando
1002 1733 1055 1802 fa-

52 1820 150 1891 stidis
167 1819 205 1888 in
222 1819 367 1904 animo,
393 1824 541 1916 quando
560 1825 659 1896 venit
674 1827 767 1924 ἄση,
793 1831 920 1918 idest,
955 1835 1054 1906 fasti-

52 1925 170 2007 dium,
206 1945 315 1992 nemo
336 1919 527 1996 hominum
542 1945 712 2021 agnoscat
730 1947 765 2004 te
781 1925 968 2028 gravatum
979 1993 990 2024 ,
1016 1938 1054 2008 id

52 2041 118 2114 est,
145 2025 285 2118 incipe,
317 2029 485 2116 doneces
502 2055 649 2126 compos
665 2035 730 2107 tui.

151 2147 213 2220 Vs.
228 2144 315 2219 991.
341 2150 549 2246 Aliquando
568 2155 708 2247 patiens
727 2146 897 2260 dolebis]
925 2161 1052 2256 Cogita

51 2265 82 2324 te
98 2278 173 2324 εεεε
193 2249 377 2322 hominem
398 2267 434 2322 ct
450 2247 610 2326 humana
630 2273 714 2332 sunt
728 2265 929 2336 mutabilia.
980 2263 1052 2338 Eu-

50 2353 257 2452 ripides⁸²):

101 2477 267 2550 Τοιαῦτα
300 2481 379 2552 τῶν
414 2473 653 2608 &adquiramus
703 2477 816 2598 oridia
850 2483 891 2562 ἐν
924 2487 1053 2588 ταύτῷ

559 2614 584 2662 ι.

50 2679 91 2754 Id
107 2695 181 2767 est,
208 2683 287 2756 talia
305 2701 389 2758 sunt
406 2612 565 2760 huriiaeird
576 2744 587 2778 ,
611 2687 703 2764 nihil
720 2709 842 2768 manet
859 2695 1051 2790 incudem.

166 2802 242 2878 Vss.
257 2807 329 2882 991
349 2835 406 2904 sq.
438 2810 646 2906 Aliquando
669 2815 1051 2912 dolebis,‚aliquando
1074 2834 1078 2894 l

48 2905 181 2980 iaciens
199 2924 300 3002 potes
316 2912 506 3014 gaudere]
534 2913 731 3003 Boethius:
767 2921 917 2992 Constat
935 2935 1051 2997 aeter·
1074 2895 1078 3021 I

47 3035 94 3080 na
119 3013 350 3112 positumque
365 3018 444 3112 lege
458 3032 531 3106 εει,
557 3035 601 3094 ut
616 3035 755 3106 constet
771 3027 933 3116 genitum
947 3025 1051 3098 nibil.
1074 3024 1077 3131 j

47 3111 149 3186 Lusit
166 3117 205 3186 in
223 3121 333 3190 verbo
352 3135 567 3212 „constat“‚
594 3125 630 3210 irl
650 3141 721 3210 εει,
749 3124 817 3198 lroc
831 3155 945 3200 unuru
965 3155 1051 3202 con·
1074 3134 1077 3216 l

47 3232 134 3304 stat,
160 3219 199 3290 id
216 3235 287 3305 εει,
316 3225 460 3296 firmum
478 3241 550 3314 est,
576 3243 617 3300 ut
632 3227 724 3331 nibil
739 3231 784 3302 sit
802 3234 908 3306 firmi.

148 3339 228 3412 Vss.
244 3341 477 3420 990-996,
503 3349 688 3444 Hymnum
710 3365 871 3444 gratum,
899 3354 1050 3426 delecta-

48 3442 177 3530 bilem,
204 3459 241 3514 ει
264 3444 310 3518 εἰι
334 3446 459 3524 ιεηεηε
483 3447 673 3546 pulchrum
699 3455 825 3526 florem
853 3483 920 3550 pro
945 3484 1050 3550 prae-

46 3549 140 3634 mio,
174 3563 210 3618 ct
236 3549 283 3620 sit
305 3549 395 3624 mihi
418 3569 453 3628 et
474 3555 538 3628 tibi
564 3557 782 3632 certantibus
808 3563 852 3632 de
873 3563 1049 3656 sapientia
1072 3626 1075 3679 Ι

47 3666 112 3725 ειε.
166 3651 407 3746 Cognoveris‚
435 3675 572 3754 quanto
596 3659 741 3762 mulioe)
766 3665 838 3736 sint
862 3679 1075 3839 praestan-¹

47 3755 159 3828 tiores
177 3757 299 3832 asinis.

147 3879 226 3954 Vss.
245 3881 501 3960 997-1000.
529 3887 686 3980 Quando
709 3913 796 3960 vero
821 3891 876 3962 sol
898 3891 1048 3984 ungula·
1071 3859 1074 3948 i

47 4007 102 4056 res
134 4011 265 4084 equos,
299 3988 433 4076 idest,
467 3987 638 4063 babentes
663 3991 839 4084 integram
863 3984 1074 4085 ungulam?

46 4087 118 4158 iam
162 4089 353 4162 denuntiat
389 4107 513 4166 tenens
547 4095 702 4166 mediam
738 4099 864 4186 diem,
909 4101 947 4170 icl
982 4113 1047 4185 εει,

47 4195 193 4287 quando
218 4195 319 4267 venit
341 4197 480 4270 medius
501 4197 595 4284 dies,
636 4201 853 4294 attingamus
883 4229 1046 4290 coenam,

45 4297 108 4366 ubi
132 4297 288 4396 aliquem
312 4299 454 4395 animus
479 4301 595 4388 iubet,
626 4303 758 4390 idest,
793 4309 939 4402 quando
963 4323 1047 4380 sunt

46 4397 136 4471 iusta
156 4413 340 4496 tempora,
367 4405 568 4478 tribuamus
586 4432 626 4478 ea
645 4409 789 4510 mensis.

147 4505 293 4581 Veteres
322 4523 578 4606 protraxerunt
608 4513 883 4586 deliberationes
915 4529 950 4586 et
975 4518 1045 4588 alia

45 4611 185 4702 negotia
213 4640 326 4710 usque
351 4619 397 4686 ad
412 4629 552 4712 tempus
569 4618 859 4710 pomeridianum
876 4633 961 4705 ειε.,
993 4632 1047 4690 ta·

45 4739 129 4786 uren
143 4717 255 4814 aliqui
272 4719 379 4790 etiam
398 4717 604 4792 babuerunt
617 4723 807 4794 ientacula.

146 4837 225 4912 Vss.
244 4840 340 4914 1001
359 4867 412 4940 sq.
440 4842 521 4914 Cito
544 4844 662 4936 puella
682 4841 861 4916 Laconica
886 4843 945 4940 (In
968 4871 1046 4916 ver-

44 4939 141 5012 sibus
157 4943 205 5014 ita
221 4958 285 5016 est.
336 4943 492 5017 Thracia
508 4943 616 5017 habet
632 4944 895 5041 pulcherrimos
921 4974 1046 5044 equos,

43 5041 328 5120 Lacedaemonia
348 5043 608 5144 pulcherrimas
623 5049 818 5147 mulieres.)
842 5053 984 5123 lavacra
1012 5064 1048 5123 et

46 5171 197 5224 coronas
216 5154 318 5247 virgo
335 5149 485 5248 pulchra
504 5168 628 5228 tenens
646 5157 824 5226 manibus.

61 5311 264 5326 -.-.———-·-

85 5405 130 5464 82)
147 5409 239 5474 Ilurlp.
253 5411 311 5460 lon.
325 5409 384 5460 909.
405 5403 445 5458 Tri
463 5405 552 5472 &varri
570 5401 693 5460 rorcir’:
718 5401 801 5462 etate
812 5404 844 5460 dr
855 5403 947 5480 rodcqi
958 5409 1045 5476 μίνει.

86 5493 131 5556 01)
150 5494 228 5616 ιῗροιι]
247 5495 287 5545 sto
306 5493 406 5557 sertpal
425 5493 474 5560 (=
491 5496 611 5587 Tboogn.
630 5489 771 5564 iptorum
792 5495 841 5548 ltu.
863 5495 937 5546 1000.
957 5497 1045 5548 mele:
1065 5555 1070 5614 A

119 5577 161 5614 nu
206 5603 212 5618 .

436 275 625 352 LXXVIII.
678 279 974 358 exenterato
1003 283 1405 366 SENTENTIARUM·
1422 294 1729 378 THEOGNIDIS.

2039 297 2114 388 εει

1213 464 1292 536 Vss.
1312 467 1590 546 1005-1006.
1620 463 1813 550 Virtus'est
1829 479 2113 573 pulcherrimum

1111 593 1242 638 munus
1256 569 1351 640 inter
1366 569 1531 648 homines
1549 591 1614 650 etc.
1667 579 1783 654 Iustus
1800 599 1852 656 εει
1872 589 1970 660 utilis
1994 592 2114 659 omni-

1109 671 1196 753 bus,
1223 697 1414 746 commune
1429 679 1566 750 bonum
1582 683 1737 770 civitati,
1765 688 1830 782 qui
1844 691 1901 760 vir
1915 695 2113 785 procedens

1110 785 1180 846 stat
1197 774 1236 844 in
1252 777 1367 866 prima
1389 781 1476 852 acie.

1165 913 1169 922 ’
1211 893 1289 967 Vss·
1310 897 1409 968 1007
1426 926 1504 997 sqq·
1531 903 1712 1004 eostre)
1737 905 1777 983 δ’
1796 907 2036 1016 vindocinum]
2057 913 2113 986 De

1107 995 1299 1088 fugacitate
1318 1003 1425 1074 vitae.
1490 1034 1493 1051 ¹
2092 1033 2094 1040 '

1211 1116 1290 1188 Vss.
1309 1121 1589 1202 tuot-1012.
1618 1128 1819 1202 Commune
1838 1134 1971 1206 dictum
1988 1159 2112 1228 sugge-

1107 1243 1206 1304 ram,
1231 1234 1272 1290 ut
1287 1223 1465 1316 quispiam
1485 1225 1620 1302 habens
1637 1229 1826 1324 pulchrum
1843 1235 2111 1309 florentum-

1108 1335 1184 1406 tae,
1227 1326 1349 1419 etqui
1374 1341 1426 1398 est
1452 1335 1639 1420 cordatus,
1677 1341 1839 1430 sapiens,
1872 1343 2014 1415 fruatur
2038 1343 2112 1416 suis

1107 1427 1353 1510 facultatibus3
1380 1437 1567 1506 nonenim
1590 1444 1821 1532 repubescere
1846 1447 1900 1518 bis
1922 1452 1961 1519 frt
1982 1473 2001 1519 a
2019 1449 2111 1540 Diis,

1107 1553 1225 1624 neque
1242 1545 1294 1603 εει
1312 1533 1481 1626 effugium
1504 1545 1648 1623 mortis;
1675 1549 1829 1637 perdens
1844 1567 2006 1626 senectus
2028 1579 2112 1648 per·

1106 1633 1263 1718 niciosa,
1290 1660 1503 1713 consumens
1524 1640 1710 1718 hominem
1738 1654 1853 1723 adfert
1868 1657 1984 1740 malo,
2012 1659 2108 1752 (ipsa

1106 1751 1268 1810 senectus
1283 1743 1431 1815 morbus
1446 1759 1510 1832 est,
1533 1749 1616 1844 etc.)
1634 1753 1777 1846 attingit
1792 1783 1972 1830 summum
1990 1777 2109 1854 caput.

1208 1857 1286 1930 Vss.
1309 1861 1409 1934 1013
1427 1889 1506 1962 sqq.
1537 1863 1655 1966 Ὡςω)
1683 1868 1833 1975 ardeam]
1858 1873 1913 1948 De
1937 1880 2010 1950 vita
2034 1883 2107 1976 pri-

1106 1974 1201 2034 vata.
1251 1961 1451 2039 Lucienus:
1485 1967 1579 2056 Βίος
1600 1970 1764 2052 tardem
1786 1979 1957 2078 ἄριστος,
1987 1984 2108 2069 idest,

1105 2066 1330 2156 privatorum
1346 2071 1419 2141 vita
1435 2076 1586 2166 optima.
1647 2079 1760 2176 Saepe
1776 2085 2016 2176 pinus'ventis
2034 2089 2108 2180 agi-

1105 2181 1203 2239 tatur
1217 2170 1342 2263 ingens
1358 2188 1423 2246 etc.
1460 2177 1524 2249 Et:
1554 2181 1668 2252 Crede
1684 2183 1793 2272 mihi,
1817 2189 1909 2259 bene
1925 2192 1988 2284 qui
1996 2192 2109 2262 latuit

1106 2285 1171 2344 etc.
1224 2275 1341 2346 Multo
1355 2281 1476 2352 minus
1493 2297 1545 2355 est
1569 2288 1718 2378 periculi
1741 2291 1780 2359 in
1805 2291 1969 2364 inferiori
1992 2298 2107 2388 gradu

1106 2397 1214 2472 quam
1242 2379 1280 2448 in
1310 2407 1464 2457 summo.
1537 2389 1711 2482 Appetcre
1744 2396 2023 2489 principatum,¹
2049 2397 2107 2468 vel

1105 2481 1211 2551 etiam
1230 2483 1322 2554 iuste
1337 2500 1477 2573 tenere,
1503 2512 1644 2586 semper
1662 2508 1714 2567 est
1729 2499 1982 2590 periculosum.

1241 2603 1300 2654 lna
1316 2607 1413 2656 nuent
1430 2619 1542 2675 paoem,
1567 2615 1686 2674 peraret
1703 2616 1845 2669 elttsslnut
1862 2617 1948 2670 ventl.

1206 2687 1283 2762 Vss.
1304 2694 1581 2771 1015-1016.
1615 2701 1847 2798 (Priusquam
1871 2707 1947 2798 ipse
1969 2721 2107 2780 metuat

1103 2789 1355 2893 inimicos⁸⁶).)
1389 2799 1522 2873 Beatus
1547 2817 1619 2888 est,
1652 2809 1812 2902 quinon
1839 2805 1948 2882 habet
1973 2837 2127 2904 magna,

1102 2899 1269 2988 negotia,
1296 2913 1337 2972 ut
1358 2928 1432 2994 non
1448 2904 1584 2976 incidat
1598 2909 1637 2978 in
1655 2913 1903 2986 contentiones
1926 2915 2105 3002 exitiosas,

1103 2999 1164 3068 ubi
1181 3024 1323 3073 necesse
1345 3007 1409 3090 sit,
1444 3023 1506 3080 aut
1527 3021 1688 3083 metuere
1709 3029 1771 3086 aut
1793 3043 1962 3110 superare
1985 3019 2106 3088 inimi-

1103 3125 1177 3187 cos,
1201 3118 1236 3175 et
1253 3107 1463 3204 priusquam
1480 3115 1643 3206 exploret
1658 3121 1805 3205 amicos,
1824 3147 1932 3216 quam
1948 3119 2106 3196 habeant

1102 3205 1295 3308 mentem]
1321 3211 1445 3286 Rebus
1461 3221 1619 3292 adversis
1638 3225 1872 3314 explorantur
1889 3227 2013 3312 amici,
2040 3229 2104 3300 sed

1101 3309 1246 3398 beatus,
1273 3316 1426 3408 quinon
1443 3325 1609 3412 pervenit
1624 3327 1670 3394 ad
1685 3327 1784 3397 illam
1805 3329 2104 3421 explorationem.

1202 3431 1281 3503 Vss.
1299 3436 1580 3516 1017-1022.
1605 3441 1690 3515 Fuit
1705 3443 1794 3516 mihi
1809 3473 1875 3542 per
1892 3463 2009 3520 cutem
2026 3475 2104 3522 ma·

1102 3556 1192 3626 gnus
1209 3538 1340 3621 sudor,
1367 3553 1402 3610 et
1415 3555 1579 3636 stupesco
1597 3547 1740 3620 intuens
1755 3551 1882 3621 florem
1900 3553 2102 3625 adolescen-

1101 3637 1185 3708 tiae.
1251 3639 1416 3714 Debebat
1441 3673 1514 3718 esse
1536 3651 1679 3743 longius
1704 3655 1861 3746 spatium
1892 3656 2102 3739 iuventutis,

1100 3744 1161 3814 sed
1178 3742 1287 3814 breve
1305 3759 1357 3818 est
1373 3749 1465 3820 sicut
1478 3756 1673 3829 somnium.
1725 3756 1894 3832 Iuventus
1912 3762 2019 3852 digna
2036 3756 2102 3830 ho·

1099 3868 1201 3915 nore.
1253 3847 1423 3942 Senectus
1437 3857 1647 3945 absumens,
1673 3863 1827 3956 perdens
1844 3865 1976 3956 pendet
1994 3887 2102 3956 super

1100 3961 1226 4041 capnt,
1252 3951 1377 4038 idest,
1405 3958 1475 4028 cito
1495 3963 1603 4033 venit.

1202 4069 1467 4175 vss.1025sq.
1494 4079 1691 4178 Nunquam
1709 4109 1842 4178 ponam
1869 4088 1999 4158 collum
2024 4111 2101 4158 non

1099 4174 1277 4270 accipiens
1291 4179 1436 4272 iugum,
1463 4186 1627 4271 frenum,
1654 4190 1803 4279 perdam
1827 4189 2012 4274 inimicos,
2037 4215 2101 4260 ne-

1099 4305 1169 4374 que
1183 4281 1214 4351 si
1232 4283 1325 4353 adsit
1339 4311 1447 4378 supra
1466 4302 1574 4380 caput
1587 4315 1691 4361 mons
1704 4289 1896 4386 Phrygiae.

1200 4399 1278 4475 Vss.
1295 4403 1395 4480 1025
1410 4433 1463 4502 sq.
1490 4407 1645 4480 Levibus
1660 4411 1698 4480 in
1715 4397 1928 4482 adversitate
1946 4413 2097 4482 vaniora

1098 4517 1181 4574 sunt
1196 4509 1365 4594 consilia,
1390 4513 1425 4580 id
1444 4525 1515 4597 est,
1542 4515 1637 4584 leves
1652 4509 1816 4586 homines
1830 4515 1868 4584 in
1883 4517 2099 4587 adversitate

1099 4609 1210 4678 multa
1228 4613 1397 4684 scelerate
1421 4625 1572 4688 tentant.
1625 4617 1676 4687 Ut
1697 4620 1862 4712 princeps
1881 4621 2041 4714 captivus
2050 4617 2100 4715 ⁸²)

1099 4723 1151 4781 est
1169 4728 1335 4786 constans
1350 4719 1387 4786 in
1403 4719 1462 4788 illa
1482 4720 1707 4813 captivitate,
1743 4723 1804 4793 alii
1829 4725 1923 4795 leves
1948 4747 2024 4793 non
2045 4725 2100 4791 Ia-

1132 4958 1180 5024 at)
1199 4957 1305 5022 Ξονόν]
1323 4963 1522 5028 stellionatus
1547 4965 1596 5016 lld.
1613 4967 1690 5018 1000.
1709 4943 1854 5028 corrrrpte:
1878 4961 1980 5015 Συνόν.

1133 5047 1182 5106 80)
1197 5043 1259 5108 Ὡς]
1277 5049 1318 5098 sto
1335 5049 1384 5100 led.
1401 5051 1476 5098 taso.
1494 5053 1523 5100 et
1538 5051 1621 5102 nutu.
1638 5055 1757 5118 t'beogn.
1777 5065 1862 5118 snpra
1880 5067 1906 5114 p.
1918 5053 2009 5102 0-8.
2028 5063 2100 5136 eqn-

1164 5123 1304 5182 ιιεεειιε,
1321 5123 1405 5182 etque
1417 5121 1537 5174 Bennett.
1553 5125 1582 5172 et
1596 5123 1704 5186 Gelam
1728 5125 1810 5174 atate
1825 5123 1923 5188 nott,
1944 5122 2042 5184 auga.
2057 5125 2098 5172 A.

1132 5201 1181 5264 80)
1201 5203 1362 5267 Priusquam
1381 5193 1523 5269 ipsemet.
1542 5207 1633 5267 inim]
1652 5210 1719 5260 beeo
1743 5214 1863 5261 vernae
1889 5223 1932 5261 vs.
1948 5209 2022 5258 rota.
2046 5209 2099 5258 tuo

1165 5273 1194 5322 lu
1216 5273 1263 5325 nt.
1281 5275 1355 5322 todo.
1374 5277 1545 5336 trarrspoettn
1562 5277 1637 5326 intra
1655 5281 1794 5328 marcellos
1820 5279 1938 5342 lnolnel,
1969 5277 2097 5340 quonian

1149 5342 1191 5390 ⁴lt.
1206 5343 1224 5392 l.
1243 5344 1361 5392 delenda
1379 5349 1452 5394 scrut.

1131 5427 1181 5486 et)
1199 5425 1336 5478 lohannes
1356 5431 1515 5482 Frttertms
1535 5433 1651 5482 ntecmr
1669 5431 1771 5483 saxon.
1795 5435 1824 5482 tn
1843 5445 1935 5498 pugne
1952 5433 1988 5482 etl
2005 5433 2098 5482 Mutt-

1167 5497 1458 5631 ρρρριρρρευὲεᾼρειι.
1482 5503 1561 5555 tw.
1586 5514 1605 5552 a
1628 5501 1730 5553 carolo
1753 5503 1787 5553 V.
1813 5503 1984 5566 Imperatore
2008 5503 2098 5550 vletue
