4782 6060
70 239 141 314 898
349 227 353 237 “
526 231 743 309 Lxxxvltt.
793 232 1079 308 ENARRATlO
1120 233 1403 310 GEORGICON
1435 233 1643 310 VlRGlLll.
2032 247 2111 326 394

166 406 228 480 Vs.
244 407 331 480 898.
359 407 532 480 Baioarii
546 407 715 500 salirent]
742 407 781 476 id
805 421 877 494 est,
912 422 1058 501 oportet
1211 408 1272 480 Vs.
1296 406 1384 481 448.
1417 408 1539 501 Pinus]
1573 383 1765 481 Fichteus
1841 417 2106 513 aaronem]

71 514 216 586 subinde
232 509 399 579 renovari
416 505 511 578 hunc
526 510 702 580 laborem.
1107 507 1282 581 Existimo
1293 515 1438 582 cedrum
1454 535 1528 582 esse
1544 512 1659 582 simile
1673 513 1845 607 quiddam
1857 519 1989 590 nostris
2000 545 2107 616 quer·

167 612 229 684 Vs.
246 609 333 686 407.
368 615 593 708 Persequitur
613 607 731 712 vitem]
767 636 853 683 man
876 637 973 687 musa
997 618 1058 686 be·
1110 614 1232 686 cubus.
1283 613 1369 686 Non
1388 614 1612 685 consumitur
1626 616 1733 686 carie.

73 713 283 808 schneydeu.
1212 715 1272 788 νε.
1291 716 1381 791 447.
1421 720 1630 812 Hostiliam]
1664 719 1703 788 id
1731 732 1805 805 est,
1835 721 1939 814 pilis,
1975 722 2105 816 quihus

169 817 232 888 Vs.
246 815 333 892 408.
358 820 499 888 Primae
515 819 668 910 humum]
694 816 828 890 scilicet
849 817 887 888 in
905 843 1000 892 vere.
1108 816 1165 901 usi
1182 832 1266 892 suut
1282 820 1441 891 Romani
1463 821 1606 892 milites.

168 920 230 992 νε.
245 918 335 992 409.
358 923 560 1013 Sarmenta]
586 921 713 1006 idest,
738 921 799 990 illa
817 922 975 1014 praecisa
999 946 1057 992 ra·
1214 919 1276 992 νε.
1295 921 1380 996 448.
1414 919 1642 1022 tramenta]
1670 924 1794 1008 idest,
1818 925 2013 1012 Arabicos,
2039 928 2104 998 sie·

69 1036 184 1094 menta
202 1023 343 1094 vitium.
1109 1036 1150 1094 ut
1177 1020 1294 1098 adhuc
1325 1028 1378 1094 illi
1407 1027 1532 1118 populi
1560 1028 1656 1098 inter
1681 1027 1853 1098 Arabiam
1878 1041 1913 1098 et
1931 1029 2104 1100 Palaesti-

167 1125 228 1197 Vs.
244 1127 331 1200 410.
358 1124 569 1218 Postremus]
593 1121 635 1194 ln
653 1124 741 1198 locis
764 1126 1057 1200 foecundioribus
1109 1151 1216 1212 nam,
1249 1153 1339 1222 quos
1354 1126 1544 1200 Idumaeos
1561 1145 1596 1200 et
1611 1127 1808 1202 Ismaclitas
1835 1143 1987 1215 vocant,
2020 1145 2105 1204 sunt

69 1242 117 1302 est
133 1229 314 1298 vindemia
329 1229 515 1324 aliquanto
532 1229 663 1312 serior,
689 1253 797 1325 quam
814 1229 853 1300 in
877 1231 966 1301 locis
989 1231 1058 1302 mi·
1109 1229 1316 1322 peritissimi
1346 1232 1433 1304 artis
1463 1234 1630 1316 bellicae,
1664 1259 1702 1306 cs
1733 1234 1778 1304 ist
1809 1233 1867 1304 ein
1895 1231 2102 1306 rauberisch

67 1359 132 1404 nus
148 1333 355 1404 foecundis:
383 1342 423 1403 ut
436 1331 475 1400 in
492 1327 621 1406 Rheno
638 1345 692 1404 est
711 1333 825 1424 magis
846 1358 924 1406 sera
947 1359 1056 1430 quam
1109 1331 1490 1406 abenteurischvolck.
1533 1338 1720 1407 Pantanus
1734 1336 1875 1422 scribit,
1901 1336 2102 1410 Robertum

66 1435 183 1508 lenae.
307 1439 375 1510 Bis
396 1438 535 1530 vitibus]
569 1438 705 1520 idest,
739 1437 793 1507 bis
819 1431 954 1508 habent
978 1463 1058 1507 um·
1108 1436 1382 1524 Sausescanum‚
1408 1440 1471 1532 qni
1487 1441 1556 1511 luit
1571 1441 1733 1532 egregius
1747 1441 1913 1524 bellator,
1940 1454 1975 1511 et
1991 1443 2115 1534 paulo

63 1543 188 1624 brem,
229 1539 385 1631 primum
423 1563 596 1622 vernam,
637 1539 765 1609 deinde
798 1540 1057 1626 autumnalem,
1109 1553 1191 1610 ante
1222 1554 1346 1612 nostra
1373 1555 1536 1634 tempora
1559 1543 1665 1626 vixit,
1698 1541 1863 1614 videlicet
1884 1545 1978 1612 circa
2002 1545 2102 1638 prin-

65 1646 121 1714 vel
137 1644 188 1714 sic
202 1641 258 1714 bis
273 1643 474 1734 putandum
491 1657 562 1727 est,
591 1643 702 1712 arbor
716 1655 751 1712 et
766 1641 860 1714 vitis.
887 1725 889 1729 v
1108 1643 1241 1735 cipium
1266 1644 1413 1738 imperii
1426 1643 1687 1728 Maximiliani,
1709 1647 1863 1720 voluisse
1885 1645 2008 1718 videre
2031 1661 2102 1718 ter-

166 1744 227 1820 νε.
251 1741 339 1822 419..
387 1749 544 1818 Ladan
574 1750 728 1837 ingentia
757 1747 860 1838 rara]
899 1740 1056 1816 Pulchra
1108 1769 1188 1816 ram
1219 1759 1392 1820 sanctam.
1451 1747 1610 1822 Etcum
1640 1773 1683 1818 eo
1713 1753 1894 1842 proiectus
1915 1762 2025 1835 esset,
2066 1763 2102 1821 et

66 1849 252 1926 sententia.
319 1848 504 1941 Significat
533 1860 653 1920 autem
676 1850 803 1924 melius
827 1873 901 1922 csse
923 1844 1056 1921 habere
1109 1848 1217 1922 etiam
1242 1863 1407 1943 pergeret
1429 1876 1473 1924 er
1488 1850 1692 1924 Palaestina
1715 1855 1760 1922 acl
1779 1852 1974 1922 videndum
1991 1875 2101 1922 mon-

67 1953 310 2026 conditionem
335 1955 575 2039 mediocrem,
622 1966 730 2047 atque
753 1954 859 2038 gillam
892 1953 1056 2044 gnaviter
1108 1965 1179 2026 tem
1194 1953 1317 2040 Sinai,
1344 1955 1395 2025 ibi
1419 1955 1567 2050 quidam
1592 1980 1635 2026 ex
1652 1956 1906 2026 deductoribus
1920 1955 2040 2048 inquit
2054 1955 2102 2024 aa

68 2059 245 2144 excolere,
271 2083 379 2152 quam
394 2056 527 2132 habere
541 2057 785 2147 superiorem,
812 2055 870 2128 cui
884 2080 959 2128 non
974 2081 1057 2149 pos·
1107 2056 1326 2128 Robertum:
1354 2057 1532 2144 Domine,
1558 2059 1663 2128 vicleo
1686 2059 1791 2129 nobis
1815 2058 1957 2128 obviam
1977 2058 2100 2130 venire

69 2162 174 2234 simus
200 2185 374 2252 praeesse.
442 2160 521 2230 Huc
544 2159 702 2252 pertinet
723 2160 915 2230 sententia:
948 2161 1057 2251 Spar·
1107 2161 1286 2244 latrones,
1317 2185 1393 2230 non
1420 2187 1565 2252 possum
1590 2185 1654 2232 vos
1677 2163 1782 2232 tueri.
1842 2161 2024 2234 Robertus
2044 2185 2100 2230 re-

69 2279 158 2350 tem,
186 2289 295 2358 quam
313 2276 512 2348 nactnses,
540 2287 643 2336 orna.
677 2262 815 2339 Videtis
830 2264 903 2334 iam
922 2263 1057 2356 episco-
1108 2265 1270 2355 spondit:
1298 2263 1506 2348 Benesacis,
1531 2267 1894 2359 qnodmeadmones.
1934 2262 2100 2356 Etprae-

70 2395 130 2462 pos
150 2380 319 2458 appetere
335 2368 464 2438 multos
481 2367 725 2460 episcopatus,
753 2393 834 2438 cum
858 2368 978 2438 nullus
998 2390 1057 2436 eo·
1108 2366 1200 2442 senti
1214 2367 1337 2436 animo
1353 2368 1473 2438 statim
1489 2367 1610 2452 iubet,
1643 2379 1861 2438 utsternant
1879 2379 1998 2450 toros,
2023 2378 2102 2434 tan·

69 2499 145 2542 rum
169 2469 235 2554 sit,
271 2471 333 2564 qui
358 2471 474 2562 possit
492 2490 615 2562 regere
640 2493 752 2545 unam
776 2491 927 2562 parvam
948 2471 1056 2540 eccle·
1109 2495 1216 2565 quam
1239 2470 1420 2561 pransuri.
1470 2470 1706 2561 Expromitur
1729 2470 1850 2565 itaque
1873 2467 1977 2561 panis
1999 2468 2101 2538 etla-

69 2577 206 2656 siolam,
232 2586 267 2642 et
281 2599 354 2646 non
371 2585 547 2667 appetunt
562 2571 717 2657 labores,
744 2576 805 2646 scd
825 2573 973 2658 reditus,
991 2585 1056 2643 etc.
1108 2597 1199 2664 gena
1228 2573 1324 2656 vini,
1359 2585 1425 2644 etc.
1484 2570 1633 2647 interim
1667 2573 1865 2644 adveniunt
1895 2570 2101 2653 latrunculi,

168 2673 228 2746 Vs.
244 2674 331 2750 418.
373 2681 498 2766 ilorci]
524 2677 683 2748 Ruscum
700 2676 1056 2768 significatligacula‚
1110 2676 1232 2744 vident
1254 2687 1467 2767 apparatam
1487 2699 1660 2746 mensam.
1712 2672 2101 2744 lbiRobertusstatim

71 2785 193 2882 quibus
216 2780 375 2874 ligantur
401 2781 502 2851 vites.
554 2779 620 2851 Est
642 2793 761 2868 autem
784 2779 975 2871 peculiaris
1000 2803 1057 2849 ar·
1108 2803 1173 2872 per
1204 2780 1447 2851 deductorem
1466 2791 1502 2850 et
1530 2779 1763 2869 interpretem
1790 2776 1928 2868 excepit
1953 2799 2033 2858 eos,
2066 2787 2101 2843 et

70 2891 152 2973 bor,
177 2911 221 2958 ex
236 2909 305 2980 qua
321 2886 412 2956 liunt
425 2884 507 2954 illae
523 2905 672 2976 scopae,
699 2885 957 2979 quibusvestes
972 2907 1057 2976 pur·
1107 2884 1256 2952 mandat
1286 2883 1492 2966 deducturi,
1525 2894 1567 2955 ut
1595 2883 1691 2952 dicat
1721 2883 1792 2965 eis,
1817 2881 1945 2952 videre
1979 2902 2017 2950 se
2039 2901 2102 2948 eos

72 3007 214 3084 gantur,
240 2991 299 3062 die
317 3013 423 3062 rosen
440 2991 561 3060 besan.
1107 2983 1273 3056 homines
1294 2986 1348 3056 rei
1372 2984 1537 3058 militaris
1562 2986 1716 3078 peritos,
1739 2998 1832 3059 etse
1856 3005 2000 3078 quoque
2024 3004 2100 3052 esse

165 3092 225 3165 Vs.
243 3094 330 3166 416.
357 3095 497 3186 Salicie]
522 3094 647 3176 idest,
674 3090 821 3164 saliceti.
1107 3085 1292 3158 hominem
1322 3089 1535 3168 militarem;
1576 3113 1650 3160 esse
1681 3101 1801 3158 autem
1832 3082 1929 3156 leuno
1962 3107 2101 3154 morem

164 3195 226 3268 νε.
243 3197 332 3270 416.
357 3197 551 3289 manunt]
576 3207 767 3290 postquam
786 3204 910 3288 putata
928 3205 1023 3266 sunt.
1108 3193 1247 3284 patriae
1274 3216 1379 3276 suae,
1413 3205 1474 3277 nt,
1507 3193 1537 3262 si
1562 3193 1709 3285 quando
1733 3189 1967 3262 convenerint
1992 3187 2102 3256 bella-

165 3299 633 3392 vellemannes,
661 3299 817 3370 ordines.
1108 3307 1224 3380 tores,
1265 3295 1440 3367 amicitias
1476 3291 1711 3366 contrahant:
1754 3315 1866 3387 quare
1891 3313 2020 3383 rogare
2052 3312 2103 3374 se,

165 3401 227 3474 Vs.
243 3403 331 3492 4¹19.
358 3403 503 3496 iupiter]
530 3401 567 3472 ia
592 3414 664 3488 est,
698 3401 820 3494 magni
842 3398 975 3469 laboris
998 3422 1056 3467 co·
1108 3411 1150 3472 ut
1169 3423 1242 3470 uua
1266 3423 1411 3496 quoque
1432 3396 1601 3491 pransuri
1627 3399 1851 3468 accumbant.
1908 3391 1971 3464 Isti
1990 3395 2102 3462 latro-

74 3506 139 3579 lere
153 3507 289 3578 vineas.
1108 3527 1172 3574 nes
1195 3501 1419 3572 delectantur
1441 3502 1669 3572 sermonibus
1684 3499 1836 3572 Roberti
1858 3497 1974 3590 plenis
1990 3491 2101 3565 comi-

165 3609 226 3685 Vs.
251 3609 339 3686 420.
381 3615 507 3684 conae
538 3609 620 3701 nan]
651 3605 841 3678 Decimum
873 3617 1056 3675 octavum:
1109 3619 1196 3689 tate,
1216 3618 1253 3674 et
1266 3606 1493 3676 accumbunt.
1545 3606 1710 3674 Tandem
1728 3597 2103 3697 postprandiumRo·

74 3711 148 3783 lion
164 3726 215 3785 est
231 3741 324 3806 opus
340 3737 471 3804 magno
488 3713 613 3782 labore
628 3712 666 3780 in
682 3711 839 3780 colendis
856 3708 955 3778 oleis.
1109 3711 1231 3780 bertus
1249 3709 1359 3778 multa
1377 3710 1471 3778 done
1492 3709 1689 3800 expromit,
1715 3703 1798 3778 huic
1814 3709 1877 3775 dat
1892 3713 2102 3792 argenteum

166 3816 227 3890 νε.
245 3817 335 3894 421.
361 3816 508 3908 Falcem]
543 3813 579 3882 id
604 3825 677 3897 est,
703 3838 779 3884 non
804 3825 857 3884 est
882 3835 972 3903 opus
994 3833 1059 3902 pu·
1109 3812 1323 3906 pugionem,
1349 3811 1402 3880 illi
1424 3834 1593 3894 aureum,
1619 3823 1706 3896 etc.,
1739 3809 1845 3880 etita
1869 3802 2102 3897 singulisali-

75 3921 213 3990 tatioue.
1111 3915 1197 4010 quid
1224 3915 1347 3985 donat.
1397 3911 1454 3983 llli
1475 3917 1608 4004 gratias
1631 3928 1775 4006 agentes
1798 3912 2003 3994 discedunt,
2037 3929 2103 3998 po·

165 4023 226 4096 Vs.
243 4021 334 4100 423.
360 4021 472 4114 Satis]
500 4019 633 4090 scilicet
650 4019 748 4090 oleis.
1111 4016 1234 4090 stridie
1257 4017 1407 4088 veniunt
1427 4019 1541 4086 multo
1558 4018 1826 4098 instructiores,
1852 4025 1888 4082 ct
1901 4012 2102 4080 Robenum

166 4125 227 4212 Vs,
244 4125 335 4202 425.
361 4126 539 4216 Nutritur]
574 4121 782 4194 Atticismus
805 4120 968 4215 passivus
989 4143 1058 4212 pro
1111 4147 1192 4192 cum
1217 4120 1289 4192 suis
1315 4123 1497 4191 abducunt
1521 4119 1560 4190 in
1582 4141 1700 4188 arcem
1725 4117 1930 4211 quandam,
1963 4124 2102 4180 etcum

77 4231 193 4302 activo.
1111 4223 1307 4294 lautissime
1329 4235 1560 4308 tractassent,
1586 4222 1811 4291 dimiserunt.
1861 4214 1917 4285 llli
1935 4213 2003 4308 ipsi
2019 4222 2104 4283 sunt

168 4334 228 4408 νε.
243 4335 331 4410 480.
357 4334 521 4427 aviaria]
548 4329 584 4402 id
599 4342 670 4412 est,
695 4329 828 4422 sylvae.
879 4326 1060 4424 Loquitur
1110 4323 1258 4420 lthyrei.

80 4435 116 4503 tle
145 4438 232 4523 illis,
268 4461 361 4535 qnae
394 4447 590 4507 nascuntur
622 4433 699 4505 sine
726 4441 851 4502 nostro
876 4431 1001 4502 labore
1025 4441 1061 4502 et
1213 4428 1274 4501 Vs.
1290 4423 1378 4500 461.
1412 4427 1542 4520 Mnus]
1576 4427 1695 4502 Naves
1726 4416 1810 4494 inde
1837 4421 1949 4504 liunt,
1979 4415 2104 4500 idest,

80 4538 218 4613 cultura.
1112 4555 1242 4625 magna
1260 4533 1396 4604 utilitas
1412 4545 1464 4602 est
1481 4532 1588 4602 etiam
1603 4541 1733 4622 sponte
1746 4524 1981 4597 nascentium.

167 4644 227 4715 Vs.
255 4643 342 4718 488.
378 4645 424 4714 Bt
450 4643 620 4737 delitent]
655 4641 691 4710 id
721 4650 793 4723 est,
825 4661 906 4708 cum
930 4649 1059 4708 natura
1212 4630 1589 4730 velliternense]
1616 4621 2105 4720 inesnmagnaesuntuoa

81 4751 146 4812 tam
162 4749 273 4818 multa
290 4772 356 4838 per
372 4769 409 4816 se
424 4757 609 4837 procreet,
634 4746 819 4814 imitemur
833 4765 926 4813 eam.
1112 4741 1230 4814 litates
1242 4739 1310 4810 reli
1363 4761 1487 4824 orum,
1512 4760 1587 4808 non
1606 4739 1764 4808 minores
1780 4754 1889 4828 quam
1904 4727 2045 4798 vitium.

170 4849 232 4924 Vs.
256 4851 344 4926 486.
379 4850 500 4939 Melle]
533 4849 571 4918 id
603 4859 672 4932 cst,
706 4860 759 4920 cst
788 4869 877 4938 opus
908 4845 1062 4918 arbustis
1212 4763 1373 4916 vetii.
1393 4823 2106 4950 anamosk101viaeodysseapa·”l·

82 4963 220 5044 propter
236 4979 331 5047 apes.
1214 4947 1278 5019 Vs.
1294 4943 1383 5022 468.
1410 4947 1667 5038 Ofonanaiot]
1692 4939 1906 5020 Encomtum
1927 4945 2022 5001 vlint
2043 4951 2105 4998 ffl-

171 5055 233 5128 Vs.
248 5057 335 5129 487.
362 5049 541 5147 cpiarum]
567 5051 729 5122 Montem
747 5046 1029 5144 Paphlagoniae.
1114 5050 1242 5136 eticae,
1276 5065 1399 5146 estque
1425 5045 1485 5120 hic
1508 5051 1607 5122 locus
1632 5039 1834 5118 communis
1854 5039 1962 5133 plene
1984 5029 2105 5104 rhem*

171 5158 232 5232 Vs.
250 5157 336 5232 488.
363 5161 601 5252 Naryciusque
619 5157 724 5248 picis]
750 5153 804 5224 Ex
828 5174 902 5224 ona
925 5154 1064 5248 Ulyssis
1114 5153 1221 5224 ricus.

85 5249 200 5333 insula.
264 5261 328 5333 Est
349 5283 501 5350 magnus
521 5283 604 5331 usus
626 5257 715 5352 picis
734 5257 774 5326 in
797 5257 920 5328 multis
942 5259 1063 5342 rebus,
1149 5317 1198 5385 ³⁷)
1218 5319 1327 5373 mm
1347 5319 1394 5382 ue]
1412 5317 1510 5370 Μ
1535 5286 1631 5368 ,w
1653 5313 1695 5364 m
1723 5309 1862 5374 mr·
1880 5305 2060 5368 mm,

87 5370 118 5427 Oi
136 5363 309 5437 malimus
332 5375 499 5459 quaestu&
524 5376 577 5434 eSi
598 5361 770 5432 Sarmatis
791 5374 827 5431 et
842 5359 997 5432 Ruteni&
1018 5385 1064 5431 81
1148 5405 1200 5466 Β)
1216 5329 1365 5468 Μ’Μῖ]
1385 5403 1429 5456 3¹0
1445 5403 1496 5456 m·
1512 5351 1681 5468 impin,
1697 5352 1839 5462 ‘xv-sm,
1857 5393 2004 5446 mrum.

88 5481 144 5534 usn
158 5466 261 5557 picis,
287 5467 355 5563 qui
368 5465 407 5538 in
423 5463 589 5556 Angliam
607 5477 643 5536 ct
658 5463 728 5536 alia
740 5463 819 5536 loca
837 5457 983 5536 vehunt
1017 5512 1022 5525 ·
1149 5491 1199 5553 aa]
1217 5491 1296 5546 usn.
1315 5490 1365 5545 ot.
1378 5489 1460 5555 xxi,
1476 5487 1531 5542 m
1546 5499 1607 5552 ne
