4850 6094
894 245 1025 343 ean...
1052 243 1165 318 aar..
1200 241 1404 316 scatere
1436 228 1773 318 enreoxocrda.
1864 228 1899 277 ³·
1985 300 1987 308 .

314 221 394 323 aad
2291 247 2371 321 see

1365 430 1447 508 gata
1470 417 1656 512 comoedia
1676 430 1747 502 est,
1774 441 1866 512 quae
1889 417 2086 486 secuudum
2100 417 2189 488 ritus
2207 431 2243 488 et
2258 414 2369 489 babi-

1365 533 1422 590 tus
1438 531 1664 610 togatorum,
1697 520 1732 588 id
1759 533 1831 604 est,
1859 519 2110 590 Romanorum
2134 519 2267 612 scripta
2300 538 2366 604 est,

314 423 422 515 Quod
453 443 537 489 sane
562 419 708 488 tertium
734 417 940 488 comoediae
964 441 1075 510 genus
1098 417 1165 486 suit
1192 441 1210 484 a
1237 415 1314 485 Me-

314 526 455 592 nandro
472 535 508 590 et
528 517 741 590 Philemone
759 521 991 606 celebratum,
1012 520 1076 612 qui
1092 541 1236 588 omnem
1256 544 1314 588 co-

316 625 481 694 moediae
494 623 722 692 acerbitatem
741 622 1016 712 mitigaverunt,
1050 647 1069 688 a
1094 623 1223 715 quibus
1238 620 1314 690 Ro·

315 752 442 797 manos
458 751 539 796 suas
554 725 691 793 lalrnlas
711 724 934 795 transtulisse
958 719 1187 816 perhibetur,
1215 725 1312 815 apud

315 855 405 924 quos
430 828 566 919 primus
587 826 711 896 Livius
736 826 966 897 Andronicus
990 825 1121 896 Latino
1147 849 1312 896 sermone
1380 866 1384 875 ·

315 930 538 1001 comoediam
561 929 721 1020 scripsit,
757 929 871 1000 excito
897 954 939 998 ex
953 928 1123 998 Hetruria
1152 929 1312 1013 ludione,

316 1031 521 1129 q‘ui'llister
547 1031 765 1118 vocabatur,
808 1055 827 1100 a
862 1055 935 1126 quo
964 1027 1149 1118 histrionis
1178 1029 1312 1100 nomen

316 1133 509 1208 emanavit.

328 1234 332 1260 ,
375 1239 406 1258 ,.

614 1303 676 1371 De
705 1303 1014 1394 proprietate.

336 1508 339 1514 .
356 1454 360 1466 ’
419 1437 638 1512 Comoedias
655 1437 845 1532 proprium
861 1438 969 1510 fuisse
983 1438 1144 1510 scribunt
1163 1440 1311 1535 quidam

315 1541 469 1634 vinginti
486 1554 642 1636 quatuor
661 1537 830 1610 adhibere
855 1541 1063 1624 saltatores,
1099 1553 1135 1612 et
1157 1545 1312 1636 quadra-

315 1642 392 1718 tum
419 1641 588 1724 chorum;
622 1655 808 1734 praeterea
826 1645 987 1714 convicia
1010 1647 1218 1739 diceresque
1240 1669 1312 1716 ser-

316 1747 442 1822 ¹rnon'es
460 1747 656 1817 continere.
707 1743 798 1815 Illud
816 1769 960 1842 quoque
983 1748 1131 1817 minime
1153 1761 1312 1839 praeter-

317 1840 497 1934 eundum,
520 1851 618 1944 quod
636 1847 783 1932 comici,
810 1849 956 1942 satyrici
979 1863 1013 1918 et
1039 1851 1165 1942 tragici
1187 1876 1312 1924 omnes

318 1959 392 2024 irno
414 1952 561 2022 nomine
585 1949 712 2020 comici
737 1951 908 2043 appellati
935 1964 1037 2035 sunt,
1071 1953 1244 2047 quoniam
1270 1979 1313 2025 ex

317 2055 403 2126 vicis
419 2053 456 2123 in
473 2055 599 2124 urbem
617 2055 821 2144 eruperint,
857 2053 919 2148 qui
945 2052 1000 2125 his
1025 2057 1154 2125 dedere
1178 2058 1312 2148 princi·

316 2159 428 2252 piam.
481 2153 574 2224 Exin
591 2156 778 2225 distributa
797 2157 1028 2227 scribentium
1051 2161 1145 2227 ratio
1167 2173 1239 2245 est,
1272 2174 1313 2231 ut

318 2261 446 2330 comici
461 2282 583 2330 servos
600 2272 634 2327 et
657 2255 830 2341 humiles,
855 2260 1010 2352 'satyrici
1033 2263 1203 2344 rusticos,
1239 2276 1312 2331 tra-

317 2357 386 2458 gici
411 2363 539 2432 divites
565 2374 599 2430 et
619 2385 717 2452 reges
743 2361 995 2455 describerent.
1061 2363 1113 2431 Ac
1138 2365 1229 2434 sicut
1253 2387 1311 2433 co-

316 2465 457 2534 mo'edia
477 2489 497 2532 a
515 2463 599 2533 vicis
627 2476 729 2532 auta
755 2487 883 2533 somno
909 2465 1021 2544 dicta;
1056 2467 1238 2556 tragoedia
1266 2468 1310 2536 ab

319 2559 421 2636 birco
439 2579 501 2636 aut
518 2569 663 2634 alaece:
692 2565 739 2634 ita
758 2580 877 2659 satyra
896 2591 914 2634 a
931 2567 1072 2660 satyris,
1085 2565 1155 2638 boc
1170 2581 1234 2651 est,
1250 2593 1310 2638 ru-

316 2662 433 2752 sticis,
468 2668 578 2765 illotis
595 2681 630 2738 et
643 2669 885 2760 petulantibus
904 2684 956 2739 est
972 2671 1171 2761 appellata,
1205 2668 1261 2740 vel
1289 2695 1309 2740 a

316 2786 434 2865 satyra
460 2772 581 2854 lance,
616 2792 707 2864 quae
732 2773 861 2840 referta
887 2773 996 2842 variis
1020 2773 1212 2867 multisque
1235 2774 1311 2866 pri-

316 2875 447 2966 mitiis,
481 2873 519 2942 in
543 2875 651 2946 sacris
673 2873 906 2946 inserebatur.
974 2875 1184 2950 Notandum
1208 2876 1310 2965 illud,

316 2979 415 3072 quod
428 2977 466 3043 in
482 2976 668 3045 comoedia
684 3001 824 3047 amores
838 2978 912 3048 fere
926 2991 961 3046 et
973 2979 1153 3070 virginum
1168 2993 1309 3072 raptus;

316 3077 354 3146 in
377 3079 562 3168 tragoedia
585 3079 720 3162 luctus,
764 3079 888 3163 exilia,
929 3083 1054 3150 caedes
1074 3083 1310 3152 introducun-

315 3169 390 3262 t'ur';
424 3183 461 3250 in
480 3182 669 3251 ‘'cornoedia
692 3205 805 3272 paene
829 3206 970 3274 seraper
992 3185 1104 3254 exitus
1129 3183 1230 3266 la'eti;
1271 3185 1310 3254 in

315 3279 499 3374 tragoedia
525 3285 662 3366 tristes,
697 3295 732 3352 et
755 3285 973 3368 liberorum,
1007 3287 1309 3384 fortunarumque

316 3387 479 3493 priorum
497 3383 615 3480 impar
632 3387 780 3478 agnitio.
1265 3415 1268 3426 ·

650 3555 719 3624 De
759 3581 973 3647 genere.

417 3689 559 3782 Duplex
585 3704 636 3760 est
659 3691 865 3760 comoediae
890 3717 1019 3782 genus;
1060 3715 1143 3759 narn
1167 3716 1308 3766 comoe-

314 3791 456 3862 diarum
481 3792 550 3860 alia
578 3792 746 3884 palliata,
783 3805 900 3885 togata
925 3795 1005 3864 alia.
1074 3792 1224 3865 Palliata
1250 3824 1308 3868 co-

315 3893 461 3976 moedia
477 3907 547 3978 est,
576 3919 668 3990 quae
686 3900 879 3967 secundum
901 3897 990 3966 ritus
1012 3907 1047 3964 et
1060 3893 1212 3982 ¹habitus
1233 3903 1308 3992 pal-

314 3997 503 4083 lia'tbrmn,
531 3998 565 4068 id
585 4011 654 4083 est,
683 4001 904 4070 Graecorum
925 3997 1026 4092 (uam
1046 4001 1174 4071 Graeci
1198 4029 1305 4095 supra

313 4097 472 4170 tunicam
492 4100 642 4194 pallium
659 4103 858 4197 ferebant),
884 4102 1047 4187 scenicis,
1075 4117 1181 4198 atquc
1196 4108 1308 4177 Grae-

314 4203 363 4272 cis
378 4204 596 4298 argumentis
613 4200 775 4272 babitum
793 4204 985 4296 palliorum
1003 4206 1194 4292 desiderat,
1211 4203 1306 4302 'quae

313 4307 470 4395 primum
500 4331 518 4375 a
542 4306 690 4376 Graecis
715 4307 753 4373 i'n
770 4305 939 4376 Latinum
963 4333 1064 4379 versa
1090 4324 1142 4382 est
1167 4311 1305 4384 aLivio

311 4405 541 4491 Andronico,
569 4433 675 4502 quem
693 4410 798 4479 multi
815 4409 945 4480 deinde
965 4426 1050 4482 suat
1067 4415 1189 4500 secuti,
1217 4414 1306 4488 Cae-

313 4509 414 4580 cilius
447 4511 599 4592 scilicet,
643 4509 812 4596 Plautus,
853 4514 1063 4602 Terentius,
1106 4517 1305 4610 Turpilius,

313 4611 454 4681 Trabea
489 4627 521 4682 et
556 4613 675 4705 plures
709 4615 782 4685 alii.
841 4617 1077 4689 Palliatarum
1100 4621 1304 4708 fabularum

311 4737 440 4811 genera
459 4728 615 4810 quatuor
633 4717 797 4790 existunt.
850 4719 1066 4813 Tragicum,
1093 4725 1131 4792 in
1150 4751 1222 4819 quo
1244 4723 1305 4797 he·

311 4824 391 4900 roes
408 4819 450 4888 'et
474 4843 575 4911 reges
597 4819 930 4895 introducebantur.
984 4813 1305 4901 Comicanrae-

311 4943 370 4989 cos
386 4921 476 4992 ritris
493 4935 527 4992 et
545 4923 700 4995 Graecas
719 4927 942 5018 exprimebat
956 4952 1139 5021 personas.
1192 4931 1233 5003 Iu
1250 4959 1304 5005 sa·

310 5023 425 5114 tyrico
442 5025 516 5095 iere
536 5025 748 5120 Satyrorum
764 5055 961 5121 personae,
997 5046 1031 5102 et
1049 5033 1220 5106 ridiculae
1240 5038 1304 5108 Sa-

309 5126 398 5218 ty'ris
426 5129 559 5200 similes
591 5133 737 5200 ludendi
762 5133 977 5230 iocandique
1000 5159 1105 5207 causa
1128 5137 1303 5210 inducun-

310 5239 389 5310 tur,
417 5245 652 5331 rit-spectator
666 5235 761 5304 inter
774 5239 927 5330 tragicas
945 5240 1128 5333 seriesque
1156 5244 1244 5315 iocis
1267 5257 1304 5314 et

307 5315 442 5404 lusibus
457 5335 705 5408 delectaretur.
761 5340 907 5410 Mimica
925 5364 1011 5412 vero
1027 5343 1148 5412 iahula
1166 5361 1218 5419 est
1230 5369 1303 5418 ser-

307 5421 426 5506 dmnis
450 5441 636 5511 cuiuslibet
658 5455 797 5528 aratus,
839 5446 914 5515 sine
949 5447 1162 5518 reverentia.
1220 5450 1303 5520 vTo-

1365 623 1512 692 scenicis
1535 635 1642 716 atque
1656 622 1796 692 Latinis
1823 621 2043 714 argumentis
2065 635 2232 714 togarum
2258 619 2362 693 babi-

1366 739 1442 794 tum
1459 725 1675 816 exprimens.

1467 843 1690 935 Togatarum
1706 825 1908 914 fabularuin
1923 843 2060 935 species
2080 855 2164 914 suot
2179 846 2358 938 squatuor.

1364 946 1457 1017 Nam
1482 947 1574 1015 aliae
1590 957 1853 1037 praetextatae,
1883 947 2069 1040 inquibus
2093 944 2356 1036 imperatorum

1363 1049 1507 1139 negotia
1525 1050 1741 1139 agebantur,
1769 1047 1883 1118 dictae
1902 1075 1921 1118 a
1941 1061 2143 1142 praetexta,
2171 1073 2241 1142 qua
2256 1073 2357 1140 reges

1364 1153 1422 1219 vel
1445 1153 1674 1242 magistratus
1687 1152 1826 1221 Rornae
1849 1153 2056 1222 utebantur.
2109 1151 2354 1222 Tabernariae

1363 1250 1566 1324 humilitate
1588 1277 1825 1346 personarum
1850 1267 1887 1323 et
1912 1267 2207 1346 argumentorum
2232 1253 2354 1325 simili-

1364 1356 1507 1440 tudine,
1534 1358 1729 1427 comoediis
1745 1379 1850 1449 pares
1867 1357 2053 1440 dicuntur,
2080 1357 2117 1424 in
2134 1357 2265 1450 quibus
2281 1381 2350 1428 non

1364 1460 1612 1552 magistratus,
1638 1484 1828 1554 regesque,
1864 1463 1925 1531 sed
1948 1457 2101 1530 bumiles
2126 1453 2294 1531 homines
2318 1473 2348 1529 et

1363 1563 1525 1653 privatae
1540 1565 1669 1636 domus
1685 1566 1924 1646 inducuntur,
1950 1585 2060 1656 quae,
2085 1563 2185 1655 quod
2201 1563 2286 1632 olim
2302 1577 2348 1634 ta-

1363 1665 1455 1736 bulis
1474 1677 1691 1757 tegerentur,
1713 1666 1953 1736 communiter·
1964 1665 2193 1735 tabernariae
2209 1681 2346 1736 vocatae

1364 1779 1457 1838 sunt.
1518 1769 1702 1839 Atellanae
1728 1793 1748 1838 a
1773 1770 1914 1840 civitate
1939 1768 2115 1839 Oscorum
2139 1767 2275 1854 Atella,
2313 1770 2344 1838 in

1364 1895 1434 1966 qua
1452 1871 1609 1962 primum
1628 1885 1836 1965 coeperunt,
1864 1885 1947 1956 sunt
1962 1869 2232 1954 denominatae,
2258 1873 2343 1943 simi-

1363 1975 1414 2043 les
1431 1975 1593 2067 satyricis
1611 1989 1646 2045 et
1661 1977 1804 2046 Graecis
1818 1975 1960 2048 sabulis.
1991 1973 2218 2070 'Planipedes
2227 1976 2342 2047 Graeci

1364 2077 1533 2148 dicuntur
1547 2079 1670 2164 mimi,
1698 2081 1779 2148 ideo
1799 2079 1973 2149 aLatinis
1996 2077 2235 2170 planipedes,-
2258 2081 2339 2173 quod

1364 2177 1502 2250 actores
1520 2181 1636 2272 planis
1652 2183 1824 2274 pedibus,
1851 2183 1888 2250 id
1910 2195 1980 2266 est,
2007 2183 2113 2250 nudis
2130 2185 2337 2272 proscenium

1363 2281 1575 2365 introirent,
1598 2307 1695 2368 non,
1724 2298 1762 2354 ut
1776 2284 1901 2375 tragici
1923 2275 2087 2366 actores,
2109 2302 2190 2354 carm
2213 2281 2337 2356 cothm-

1363 2384 1435 2466 nis,
1462 2409 1578 2479 neque
1595 2399 1634 2454 ut
1651 2388 1778 2458 comici
1799 2411 1878 2456 cum
1895 2389 2006 2457 soccis
2023 2387 2109 2454 olim
2126 2385 2165 2454 in
2190 2402 2334 2480 suggestu

1363 2508 1508 2572 scenae,
1551 2491 1679 2558 sed‘in
1707 2489 1817 2580 plano
1851 2485 2054 2560 orchestrae
2078 2490 2204 2581 positis
2224 2493 2332 2563 instra·
2416 2579 2417 2596 χ

1363 2591 1492 2667 mentis
1511 2591 1663 2662 mimicis
1678 2595 1842 2684 agebant.

1612 2842 1615 2850 .
1664 2752 1753 2872 ‚Del
1781 2785 2024 2882 qualitate.

1366 2957 1371 2964 ·
1466 2916 1660 2988 Comoedia
1693 2935 1757 2990 aut
1786 2923 1943 2992 motoria
1978 2935 2049 3006 est,
2090 2924 2222 3008 idest,
2262 2947 2333 3020 quae

1362 3041 1419 3087 res
1436 3020 1831 3109 turbulentas‘inducit,
1865 3037 1905 3098 ut
1929 3022 2169 3118 Amphitru03
2203 3042 2264 3098 aut
2282 3041 2337 3098 sta-

1362 3120 1474 3204 taria,
1501 3118 1569 3194 boc
1584 3137 1657 3205 est,
1690 3151 1781 3221 quae
1804 3153 1860 3198 ros
1884 3128 2047 3198 continet
2068 3131 2280 3224 quietiores,
2304 3143 2337 3198 ut

1363 3221 1581 3309 Cistellaria,
1632 3227 2081 3312 Heautontimorumenos3
2135 3247 2198 3302 aut
2233 3235 2337 3314 mixta,

1362 3349 1513 3418 quaeex
1532 3343 1686 3426 utroque
1711 3346 1791 3403 actu
1814 3335 1994 3416 consistit,
2023 3346 2064 3402 ut
2088 3335 2246 3420 Andria,
2274 3336 2338 3404 liu·

1362 3426 1519 3516 nuchus,
1545 3431 1719 3525 Adelpbi,
1744 3435 1882 3528 Hecyra
1902 3449 1937 3506 et
1951 3433 2139 3506 Phormio.

1645 3617 1706 3688 De
1738 3624 2067 3714 appella-tione.

1465 3749 1653 3822 Caeterum
1671 3759 1857 3826 comoedia
1876 3759 2000 3830 autab
2026 3757 2176 3833 alicuius
2203 3759 2337 3829 nomine

1360 3873 1537 3940 personae
1554 3857 1833 3946 appellationem
1849 3862 1976 3944 sundt,
2003 3860 2044 3930 ιιι1
2060 3853 2256 3942 Pbormio;
2288 3873 2340 3930 aut
2413 3889 2414 3898 ι

1360 3953 1500 4038 aloco,
1526 3960 1737 4040 rrtdndria3
1765 3966 1992 4044 autaiacto,
2019 3963 2253 4048 utAsinaria,
2278 3964 2337 4034 Eu-

1359 4051 1517 4136 nuchus;
1554 4073 1616 4129 aut
1631 4064 1676 4134 ab
1697 4079 1850 4150 eventu,
1877 4067 1956 4161 ιη’)
1973 4055 2337 4138 Heautontimorume-

1359 4181 1426 4228 nos
1442 4171 1477 4228 et
1492 4159 1789 4238 Commorientes.

1632 4406 1635 4418 .
1693 4351 1755 4420 De
1783 4355 2045 4428 membris·
2161 4345 2166 4350 ’

1461 4482 1549 4554 Tria
1581 4499 1665 4556 sunt
1698 4489 1966 4562 comoediarum
1999 4494 2183 4576 membra,
2206 4523 2209 4532 ·
2234 4493 2338 4562 direr-

1357 4586 1479 4672 bium,
1505 4589 1704 4680 canticum,
1732 4589 1873 4666 chorus.
1927 4595 2100 4664 Diverbia
2122 4610 2208 4666 sunt
2229 4607 2337 4688 partes

1358 4693 1648 4778 comoediarum,
1686 4697 1724 4763 in
1755 4698 1883 4794 quibus
1915 4699 2140 4768 diversorum
2173 4717 2338 4792 personae

1357 4807 1557 4866 versantur.
1585 4796 1765 4868 Personae
1784 4811 1901 4870 autem
1918 4802 2163 4871 diverbiornm
2183 4803 2337 4872 autduae

1356 4909 1419 4966 aut
1447 4909 1559 4982 tres·,‘
1582 4911 1645 4968 ant
1667 4925 1750 4971 raro
1777 4917 1933 4996 quatuor
1957 4929 2032 4975 esse
2062 4905 2212 4984 debent3
2253 4904 2337 4974 ultra

1356 5013 1487 5092 augere
1503 5013 1696 5072 numerum
1713 5029 1785 5074 non
1802 5007 1896 5098 licet.
1922 5007 1961 5076 ln
1976 5007 2121 5077 canticis
2141 5031 2248 5078 unam
2269 5019 2337 5074 tan·

1355 5114 1431 5172 tum
1447 5124 1521 5174 esse
1539 5117 1683 5197 oportet
1699 5127 1913 5200 personam,
1940 5119 2022 5192 aut,
2048 5111 2077 5180 si
2092 5113 2186 5204 duae
2201 5108 2336 5186 luerint,

1354 5207 1404 5275 ita
1430 5209 1560 5277 debent
1583 5230 1675 5296 esse,
1715 5223 1756 5284 ut
1780 5237 1825 5283 ex·
1847 5215 1985 5283 occuito
2010 5233 2082 5282 rana
2104 5215 2247 5296 audiat,
2278 5225 2338 5278 nec

1356 5383 1462 5392 .....-.
1478 5387 1562 5400 ..-,,

1388 5479 1421 5538 t)
1438 5476 1482 5546 ut]
1504 5481 1555 5532 troc
1573 5477 1634 5544 ipss
1650 5477 1804 5546 mertun
1829 5481 1860 5532 tn
1877 5481 1928 5534 Μ
1945 5481 2022 5535 tm.
2033 5476 2129 5533 ‘dueta
2155 5518 2160 5534 .

2412 3967 2414 4004 l

2412 4029 2413 4060 l
