4800 6080
290 209 369 296 ees
878 197 1002 273 ento.
1036 197 1150 286 nun
1185 196 1389 273 scamna
1418 199 1765 288 ,anennoeton
2275 212 2378 304 ,ιοψ

295 407 403 466 nam,
430 387 687 472 properantem
704 373 828 444 animo
851 397 927 444 non
950 372 1097 445 turbido
1120 373 1167 445 ed
1183 369 1294 442 Laee-
1455 369 1538 466 (Ep.
1552 373 1607 472 4.)
1639 374 1694 446 Te
1717 375 1866 472 quidem
1888 377 2085 453 sumimur
2106 378 2194 451 mix
2220 381 2341 454 samm,

299 509 423 558 rasam
440 483 569 556 urbem
585 475 814 563 Thessaliae,
841 477 924 570 quia
948 476 988 546 in
1010 477 1091 568 ripa
1111 477 1210 546 lacus
1223 474 1294 546 Be·
1346 477 1396 547 Es
1413 479 1509 546 enim
1527 500 1590 548 rex
1606 480 1833 572 praecipuus.
1879 480 1950 553 Sed
1966 484 2037 560 vita
2055 482 2134 554 sine
2146 483 2341 558 incommo-

294 589 347 662 bii
368 584 558 688 habitabat
582 582 747 654 Coronis.
813 575 868 649 lbi
897 581 1012 652 malus
1042 579 1188 671 genius,
1229 579 1292 673 qni
1345 582 1399 650 dis
1417 604 1535 676 neque
1554 583 1651 674 apud
1667 581 1860 654 Aeneidem
1877 583 1984 657 Pelea
2002 585 2088 673 luit,
2111 609 2233 682 neque
2252 589 2340 678 apud

293 717 377 769 eam
391 693 438 763 ad
454 690 568 762 scelns
584 687 795 778 impulerat,
822 683 982 774 perdidit
998 707 1096 754 eam:
1133 695 1169 752 et
1187 682 1291 754 multi
1344 683 1521 757 Cadmum
1531 706 1551 768 ,·
1569 685 1633 778 qui
1651 687 1821 758 dicuntur
1835 687 1943 758 fuisse
1960 688 2177 772 beatissimi,
2209 703 2247 760 et
2262 690 2336 762 blu-

296 795 405 868 vicini
420 793 528 866 simul
543 815 679 884 poenas
695 790 892 870 dederunt,
919 799 954 856 et
969 787 1077 860 simul
1093 788 1291 877 perierunt,
1342 811 1400 860 sas
1416 787 1633 858 audiverunt
1646 787 1879 888 canentes⁰⁸)
1902 789 1941 860 in
1958 773 2082 863 monte
2099 773 2227 876 Pelio,
2253 806 2289 862 et
2302 793 2336 862 in

295 913 338 972 ut
363 898 402 968 in
425 909 547 969 monte
572 894 665 985 ignis
688 917 730 962 er
751 915 826 961 uno
852 891 988 962 semine
1013 888 1180 972 exiliens,
1215 913 1292 960 ma·
1343 885 1498 961 Thebis:
1539 915 1620 963 cum
1645 892 1750 963 alteri
1772 895 1856 962 data
1881 907 1933 964 est
1954 894 2113 966 coniunx
2126 895 2335 980 Harmonia,

297 1027 405 1096 gnam
423 1001 561 1094 sylvam
576 1009 705 1067 vastat.
1344 993 1448 1064 alteri
1463 987 1601 1066 Thetis.

400 1101 544 1200 (ΕΜ.)
560 1100 629 1174 Sed
646 1111 837 1191 postquam
853 1095 996 1187 cognati
1011 1095 1154 1186 inrogo
1170 1095 1291 1187 ligneo
1448 1095 1541 1192 (Str.
1557 1091 1612 1192 5.)
1639 1097 1686 1168 Et
1701 1097 1763 1166 Dii
1779 1097 1966 1170 convivati
1976 1112 2062 1172 sunt
2075 1103 2174 1194 apud
2197 1114 2334 1172 utrum-

296 1209 522 1280 collocarnnt
537 1202 767 1286 Coroniden,
794 1212 831 1272 et
846 1195 1040 1271 vehemens
1054 1198 1201 1268 flamma
1222 1197 1293 1268 snit
1343 1223 1434 1294 que,
1451 1213 1486 1270 et
1500 1201 1669 1271 viderunt
1686 1199 1783 1272 Deos
1799 1202 1837 1275 in
1852 1203 1971 1276 aureis
1986 1203 2150 1288 sedibus,
2177 1217 2215 1274 et
2230 1206 2276 1274 ab
2291 1207 2335 1276 eis

296 1313 539 1392 circumdata,
566 1320 652 1383 tunc
670 1299 960 1376 dixitPhoebus:
994 1300 1079 1374 Non
1100 1303 1192 1372 feret
1213 1300 1290 1372 ani·
1343 1304 1439 1372 dona
1456 1304 1634 1394 nuptialia
1653 1319 1878 1396 acceperunt.
1910 1304 2043 1377 Alove
2059 1319 2181 1378 autem
2201 1321 2333 1378 mutata

296 1439 512 1497 musmens,
537 1413 688 1504 perdere
707 1433 828 1478 meum
848 1419 1021 1498 gnatum,
1056 1430 1136 1475 cum
1165 1402 1291 1474 matris
1341 1406 1508 1490 fortuna,
1546 1419 1750 1479 statuerunt
1786 1409 1947 1480 animum
1983 1423 2135 1484 rectum.
2209 1410 2333 1482 Postea

295 1519 456 1590 interitu.
508 1517 567 1586 Sic
586 1515 701 1596 latus,
734 1511 804 1580 cito
826 1511 942 1600 gradu
963 1509 1077 1578 filium
1104 1534 1146 1578 ex
1173 1519 1290 1576 morte
1342 1521 1414 1580 tres
1433 1509 1526 1580 filiae
1542 1509 1718 1582 Cadmum
1736 1512 1929 1604 privarunt
1948 1526 2052 1604 parte
2073 1513 2254 1596 laetitiae,
2279 1514 2333 1582 tri·
2378 1571 2379 1618 y

294 1622 440 1714 eripuit.
491 1619 649 1690 Accensa
666 1627 784 1686 autem
803 1636 915 1705 pyra,
939 1612 1169 1684 dividebatur
1188 1611 1291 1682 flam·
1342 1611 1505 1684 stissimis
1521 1614 1670 1687 casibus.
1722 1610 1969 1706 lupiterenirn
1991 1619 2029 1686 in
2054 1613 2202 1689 thorum
2221 1617 2334 1686 Seme·

294 1751 366 1798 mn.
418 1722 588 1796 Tradidit
603 1731 722 1790 autern
742 1743 822 1788 eum
834 1715 1021 1807 Magnesio
1040 1729 1224 1800 centauro,
1251 1726 1292 1786 nt
1340 1715 1393 1786 les
1410 1717 1520 1788 venit.
1581 1715 1679 1812 (Ant.
1701 1713 1755 1814 5.)
1790 1716 1904 1790 Filius
1928 1730 2047 1790 antem
2072 1720 2195 1804 Pelei,
2231 1745 2333 1816 quem

294 1832 440 1902 doceret
459 1851 541 1896 enm
559 1847 687 1898 curare
702 1821 823 1892 varios
839 1819 999 1890 morbos.
1084 1911 1085 1914 Ἴ
1342 1818 1489 1890 unicum
1507 1822 1648 1912 peperit
1656 1824 1698 1907 ,in
1706 1817 1839 1892 Phthia
1851 1821 1992 1908 Thetis,
2015 1824 2225 1897 interfectus
2242 1849 2333 1907 arcu,

397 1927 491 2024 (ser.
507 1929 561 2026 3.)
586 1927 687 1997 Alios
702 1927 832 2018 igitur,
857 1923 921 2020 qui
935 1934 1130 2006 venerunt,
1154 1914 1290 1990 haben·
1341 1923 1478 1994 luctum
1498 1925 1665 2004 excitavit
1679 1926 1773 1994 inter
1789 1923 1948 1999 Danaos.
2378 1901 2379 1982 l

295 2049 347 2108 tes
362 2036 483 2108 ulcera
499 2044 627 2125 sponte
642 2043 750 2114 nata,
778 2040 841 2099 aut
862 2029 958 2098 ferro
983 2027 1191 2107 vulnerata,
1228 2034 1292 2094 aut
1445 2027 1485 2097 Si
1499 2029 1579 2123 quis
1596 2043 1716 2100 antem
1732 2033 1771 2102 in
1786 2041 1905 2101 mente
1925 2025 2034 2100 habet
2049 2029 2212 2102 veritatis
2230 2031 2333 2114 viam,

293 2139 435 2231 lapide,
486 2150 550 2217 aut
579 2135 709 2230 quibus
737 2133 891 2203 aestivus
921 2130 1015 2223 ignis
1047 2128 1291 2222 populabatur
1341 2125 1438 2199 hunc
1454 2133 1527 2202 frui
1544 2135 1645 2202 decet
1657 2133 1892 2204 bonisaDeo
1908 2131 2013 2202 datis.
2063 2131 2165 2206 Alias
2179 2134 2243 2202 alii
2257 2147 2333 2206 sunt

295 2267 445 2336 corpus,
489 2252 554 2314 ant
573 2237 706 2329 frigus,
745 2232 812 2308 hos
837 2235 1016 2306 liberavit.
1084 2231 1175 2304 Aliis
1203 2254 1289 2301 vero
1343 2245 1532 2306 ventorum
1549 2237 1667 2308 flatus.
1718 2236 1944 2330 Prosperitas
1968 2259 2055 2306 vero
2076 2231 2237 2308 humana
2265 2262 2332 2308 non

173 2347 178 2360 ’
294 2346 421 2417 molles
437 2343 701 2414 incantationes
721 2335 906 2423 adhibuit,
934 2351 997 2408 aut
1012 2336 1200 2428 potiones,
1227 2346 1291 2404 aut
1342 2335 1404 2407 din
1433 2352 1654 2430 perseverat:
1698 2365 1789 2436 quae
1819 2365 1898 2410 cum
1930 2339 2048 2428 venit,
2087 2341 2238 2432 grandis
2265 2367 2333 2424 ero,

292 2448 465 2520 membris
482 2446 708 2518 circumdans
724 2439 940 2538 pharmaca,
968 2454 1030 2511 aut
1054 2441 1207 2510 secando
1229 2463 1290 2508 cu·
1343 2439 1423 2532 (Ep.
1439 2435 1494 2541 5.)
1522 2456 1556 2512 et
1571 2467 1703 2534 parvus
1719 2443 1814 2513 inter
1831 2469 1981 2536 parvos,
2009 2456 2044 2512 et
2067 2468 2222 2536 magnus
2246 2445 2333 2514 inter

293 2554 399 2624 ravit.
1328 2570 1504 2636 ,magnos
1573 2545 1723 2638 Semper
1751 2550 1798 2616 ad
1828 2559 2050 2638 praesentem
2072 2545 2259 2617 fortunam
2282 2571 2331 2616 ac-

397 2653 498 2750 (Aac.
516 2649 570 2748 3.)
598 2651 668 2721 Sed
682 2650 783 2721 lucro
802 2650 909 2719 ctiam
934 2645 1111 2739 sapientia
1136 2643 1288 2736 capitur.
1342 2649 1790 2735 commodaboanimum,
1830 2674 1877 2718 ne
1900 2647 1987 2744 qnid
2007 2674 2115 2742 supra
2141 2651 2238 2723 vires
2263 2677 2331 2720 rno-

293 2757 473 2834 Pervertit
494 2769 530 2824 et
557 2753 654 2826 hunc
686 2779 814 2826 aurum
840 2753 878 2824 in
899 2751 1067 2820 manibus
1097 2769 1289 2838 apparens,
1339 2748 1421 2822 liar.
1483 2751 1521 2821 Si
1546 2766 1664 2822 autem
1677 2751 1777 2824 Deus
1802 2747 1891 2822 milti
1913 2751 2056 2824 divitias
2078 2753 2201 2840 dabit,
2234 2779 2330 2848 spero

292 2878 334 2937 nt
350 2860 589 2953 Hippolytum
607 2883 651 2928 er
666 2869 783 2928 morte
798 2858 1003 2936 reduceret,
1036 2849 1108 2918 iam
1131 2861 1288 2940 captum.
1342 2879 1399 2923 me
1414 2854 1565 2946 gloriam
1584 2850 1797 2938 habiturum,
1810 2881 1883 2928 esse
1901 2855 1945 2924 ad
1963 2869 2138 2948 posteros.

292 2965 473 3038 interierit
488 2961 597 3054 igitur
614 2974 808 3054 utrumqne
824 2955 960 3052 iupiter
973 2952 1136 3028 fulmine.
1171 2954 1290 3043 Opor·
1445 2955 1632 3030 Nestorem
1657 2974 1692 3030 et
1716 2953 1962 3054 Sarpedonem
1981 2956 2186 3030 hominum
2220 2983 2330 3032 sermo

295 3084 347 3142 tet
368 3081 488 3140 autem
511 3067 699 3138 moderata
722 3089 742 3134 a
768 3061 846 3134 Diis
875 3075 1018 3154 petere,
1060 3055 1290 3148 cogitantem,
1341 3059 1473 3129 retinet
1504 3087 1546 3132 ex
1575 3061 1806 3136 carminibus.
1871 3061 1968 3134 illius
1994 3064 2136 3136 virtutis
2160 3065 2330 3134 memoria

295 3174 401 3269 quale
418 3169 622 3261 antepedes
639 3168 848 3240 sitsactum.
933 3167 935 3172 ’
1341 3163 1404 3232 diu
1419 3166 1547 3249 durat,
1575 3189 1667 3260 qnae
1689 3169 1848 3237 carmine
1870 3166 2046 3236 celebrata
2071 3180 2142 3246 este
2177 3163 2251 3238 hoc
2277 3191 2331 3238 au·

400 3273 481 3370 (Ep.
497 3272 550 3369 5.)
577 3271 658 3345 Mea
676 3272 810 3355 anima,
837 3293 884 3340 ne
899 3267 1011 3338 vitam
1028 3259 1122 3335 hanc
1137 3263 1290 3334 immor·
1341 3279 1413 3335 tem
1433 3269 1538 3360 pauci
1555 3271 1730 3342 obtinent.

295 3381 403 3452 talem
422 3403 496 3450 esse
522 3377 717 3448 existimes:
754 3388 790 3445 et
812 3396 945 3468 quaere
970 3367 1114 3461 negotia
1137 3365 1289 3458 possibi-
1747 3423 1814 3508 od
1858 3423 1924 3510 W

294 3486 356 3558 lia.
408 3483 446 3554 Si
461 3477 597 3556 Chiron
614 3476 731 3552 adhuc
747 3479 905 3559 viveret,
932 3487 967 3544 et
981 3485 1084 3565 grata
1113 3483 1229 3545 essent
1256 3469 1288 3540 ei
1817 3449 1839 3508 θ
1926 3486 1965 3528 ·.

293 3601 418 3660 nostra
453 3585 637 3668 carmina,
676 3584 929 3674 persuaderem
964 3577 1017 3661 ei,
1063 3587 1165 3646 utet
1193 3595 1289 3643 nnnc
1531 3557 1765 3656 Ascendet
1792 3560 1966 3644 Cyrenaeo
1992 3550 2146 3650 ἅρματι.

220 3678 226 3686 ’
295 3691 486 3785 praeberet
506 3713 543 3760 se
568 3687 747 3758 medicum
772 3683 877 3755 bonis
899 3677 1168 3752 vehementium
1192 3700 1290 3746 mor·
1445 3667 1539 3764 (Str.
1562 3673 1612 3764 1.)
1639 3672 1755 3742 Hodie
1774 3686 1919 3765 oportet
1935 3686 1967 3744 te
1984 3674 2082 3766 apud
2104 3672 2264 3744 amicum
2285 3697 2331 3742 re·

294 3799 447 3876 borum,
474 3804 535 3862 aut
557 3792 745 3884 praeheret
765 3787 921 3881 aliquem
937 3784 1117 3877 Apollinis
1141 3792 1177 3850 et
1196 3777 1290 3850 lovis
1342 3797 1422 3865 gem
1441 3772 1598 3867 Cyrenes
1616 3790 1730 3863 stare,
1758 3803 1780 3846 o
1794 3777 1922 3861 Musa,
1946 3788 2084 3848 utrum
2099 3777 2262 3852 Arcesila
2284 3799 2331 3846 ce·
2380 3803 2381 3874 t

296 3910 457 3990 gnatum.
509 3895 561 3966 Ac
585 3894 626 3962 in
649 3891 753 3964 lonio
777 3891 870 3963 mari
893 3889 1057 3960 venirem
1082 3887 1128 3958 ad
1153 3885 1289 3954 fontem
1342 3877 1505 3948 lebrante
1526 3881 1752 3966 convivium,
1781 3905 1924 3972 *augeas
1947 3876 2097 3952 Phoebo
2119 3881 2282 3952 debitum
2302 3891 2331 3950 et
2380 3875 2381 3916 l

296 3995 533 4082 Arethusam,
573 3989 620 4066 ad
649 3999 853 4068 Aetnaeum
882 3989 1084 4089 hospitem,
1118 3986 1212 4081 (Str.
1236 3985 1290 4082 4.)
1343 3994 1484 4074 gratum
1503 3977 1700 4076 hymnum:
1735 3983 1798 4054 ubi
1821 3987 1988 4058 sacerdos
2003 3979 2133 4078 Pythia
2156 3987 2257 4078 apud
2277 4009 2331 4054 an·

296 4127 417 4196 regem
441 4103 726 4195 Syracusanum,
768 4098 831 4195 qui
862 4110 916 4170 est
937 4095 1037 4168 mitis
1057 4093 1214 4177 civibus,
1257 4102 1293 4160 et
1344 4108 1424 4156 reas
1454 4087 1613 4180 aquilas,
1655 4113 1730 4160 non
1761 4090 1907 4160 absente
1937 4089 2107 4181 Apolline
2139 4087 2331 4182 respondit,

290 4233 372 4278 non
400 4206 539 4276 invidet
567 4204 693 4288 honis,
734 4217 770 4274 et
798 4213 851 4272 est
885 4199 1073 4272 mirandus
1100 4208 1203 4291 pater
1225 4187 1291 4264 ho·
1342 4188 1489 4260 Battum
1503 4191 1582 4264 sore
1595 4194 1822 4264 fundatorem
1839 4191 1939 4266 urbis
1955 4190 2136 4287 inLihya,
2163 4206 2200 4262 et
2217 4192 2330 4264 relicta

294 4311 443 4404 epirum,
1343 4291 1460 4365 insula
1475 4290 1595 4366 Thera
1622 4298 1851 4369 conditurum
1876 4321 1951 4368 esse
1972 4298 2098 4368 urbem
2121 4297 2162 4367 in
2185 4295 2330 4368 candida

400 4413 460 4484 Ad
486 4433 592 4504 quem
622 4409 654 4482 si
677 4408 875 4491 venissem,
915 4406 1096 4497 geminam
1127 4407 1292 4479 adserens
1344 4422 1524 4485 mamma,
1566 4397 1667 4493 (Aac.
1695 4402 1746 4498 1.)
1780 4414 1816 4472 et
1840 4400 1990 4474 Medeae
2023 4399 2236 4477 vaticinium
2259 4425 2330 4496 per-

299 4518 466 4608 gratiam,
492 4537 639 4584 auream
655 4512 859 4595 sanitatem,
880 4522 915 4580 et
929 4505 1103 4602 hymnum
1120 4512 1164 4579 de
1180 4510 1291 4585 victo-
1342 4503 1520 4574 lecturum
1557 4528 1631 4574 esse
1669 4507 1821 4597 septima
1856 4506 1995 4578 decima
2027 4507 2264 4599 generatione
2294 4529 2330 4576 er

298 4620 352 4688 ria
374 4617 532 4712 equestri
552 4618 598 4687 ad
614 4611 805 4709 Syrrham:
839 4613 1001 4686 venirem
1026 4614 1059 4684 ei
1083 4637 1148 4687 ren
1168 4614 1291 4684 lumen
1344 4601 1487 4688 Thera,
1513 4609 1612 4699 qu⁰d
1630 4606 1771 4694 Medea,
1787 4608 1858 4680 filla
1875 4611 2021 4694 Αθθῑὸῑ,
2044 4612 2168 4704 regim
2186 4607 2330 4683 (301ώο-
2380 4677 2381 4684 .

298 4720 520 4814 splendidius
531 4720 653 4802 stella,
679 4718 827 4790 traiecto
844 4716 949 4788 mari.
1209 4735 1216 4750 ¹
1342 4733 1424 4780 rum
1451 4707 1574 4780 edidit.
1632 4711 1732 4784 Dixit
1757 4728 1875 4786 autem
1898 4715 1949 4786 sic
1972 4716 2017 4784 ad
2040 4711 2179 4790 Iasonis
2202 4715 2329 4788 socios:

402 4820 504 4917 (Ant.
526 4821 582 4918 l.)
621 4822 691 4894 Sed
715 4821 858 4914 precari
880 4843 947 4912 pro
969 4833 1003 4892 te
1028 4821 1112 4898 ¹volo
1137 4833 1289 4898 matrem
1342 4812 1475 4884 Audite
1498 4811 1654 4900 Herses,
1697 4819 1778 4888 dico
1810 4843 1853 4890 en
1880 4813 1948 4893 hae
1974 4819 2076 4910 gleba
2105 4820 2217 4892 filiam
2240 4817 2329 4911 Epa·

298 4922 460 5011 Rheam,
500 4953 610 5021 quam
632 4927 670 4996 in
694 4951 778 4997 meo
802 4923 978 4998 vestibulo
1005 4923 1127 4997 cohmt
1151 4922 1291 5016 puellae
1343 4911 1407 5010 phi
1421 4918 1664 5010 plantaturam
1682 4923 1915 4997 esseurbium
1939 4922 2116 5008 radicem,
2148 4923 2188 4996 in
2210 4924 2329 4994 sunda·

300 5029 384 5100 totis
407 5031 585 5104 noctibus.
645 5029 710 5104 Sin
732 5041 853 5100 antem
878 5050 1062 5105 sermones
1083 5041 1200 5099 rectos
1224 5025 1290 5100 scis
1342 5022 1473 5098 mentis
1487 5018 1581 5096 lovis
1599 5023 1831 5108 Hammonis;
1865 5025 2016 5122 (Bul.)
2042 5049 2085 5098 ac
2107 5051 2175 5118 pro
2196 5021 2329 5119 delphi·

297 5133 518 5224 intelligere,
544 5133 676 5224 'cogites
691 5145 810 5205 vetera
830 5133 1006 5224 exempla.
1057 5129 1158 5202 quta
1176 5154 1289 5208 unum
1324 5122 1398 5196 ¹nis
1423 5139 1460 5198 et
1482 5124 1663 5200 branchiis
1682 5127 1817 5202 Therai
1843 5153 1956 5224 equos
1979 5129 2177 5223 accipient,
2211 5144 2246 5202 et
2271 5125 2327 5200 ha-

296 5237 434 5305 bonnm
458 5238 531 5306 dno
555 5236 785 5308 incommoda
803 5233 864 5308 Dii
883 5236 1048 5308 tribuunt
1070 5229 1289 5307 hominibus.
1342 5231 1453 5300 henas
1471 5257 1538 5320 pro
1554 5233 1682 5317 remis,
1709 5249 1744 5306 et
1761 5234 1950 5325 agitabunt
1965 5253 2103 5310 currus.

294 5339 368 5408 Sed
390 5334 478 5412 haer
501 5339 709 5431 insipientes
730 5364 805 5412 non
828 5351 966 5413 norunt
986 5340 1081 5412 ferre
1103 5341 1289 5416 decentem
2315 5405 2323 5424 ‚

295 5443 435 5514 athoni
451 5437 601 5536 pulchra
618 5445 716 5515 foras
731 5456 888 5516 vertunt.
1377 5397 1732 5524 ⁶iiail'ieoileiiniileiil'
1749 5401 1841 5466 Μ’
1866 5401 1900 5454 ³⁸
1921 5397 2031 5464 sm
2056 5399 2171 5466 Μ’
2200 5397 2323 5454 Μὴ
