4782 6060
294 267 371 350 sss
898 260 1023 339 amr..
1054 257 1169 335 uuo.
1203 227 1416 333 curura.
1444 249 1782 330 rauouoorou
1816 250 1869 314 .·..:
2270 259 2333 338 ω

397 441 460 516 Vs.
484 439 571 518 115.
610 440 831 532 Narcissum]
859 436 1046 510 Narcissus
1077 445 1131 506 est
1150 424 1287 506 ·simllis'
1338 425 1501 513 lenacht,
1537 427 1621 522 quia
1652 426 1691 494 in
1714 423 1838 496 card.
1852 421 2013 518 paimn'm
2034 421 2239 518 patalam
2260 447 2331 505 mc

294 549 350 622 illi
370 545 473 633 flori,
516 567 624 642 quam
647 568 714 615 nos
735 565 905 612 vocamus
934 535 1153 622 colchicum,
1193 543 1289 630 a'eyt-
1342 555 1458 601 venae
1479 531 1584 602 aeris.
1640 527 1730 638 ldeo·
1749 524 2026 618 et'iawhugnnt
2049 541 2179 640 poetae
2195 529 2330 608 ὓιηω

296 653 420 738 loscn,
473 660 527 722 est
566 647 692 739 exigua
732 644 931 714 diversitas.
1003 636 1218 711 ’Colchicum
1251 639 1290 708 iu
1342 633 1588 742 tiodoeabula
1615 632 1868 724 masuam.
1890 626 2134 741 afflante}
2150 631 2236 727 qnia
2259 661 2329 730 apes

296 753 500 850 Septembri
516 750 657 844 prodit,
683 758 717 818 et
735 757 1023 841 estpostremum
1043 743 1207 814 omnium
1224 742 1292 812 llo-
1344 736 1551 808 nouaclum
1568 732 1704 846 habeut
1725 731 1869 817 visum,
1896 736 1966 804 aad
1984 733 2330 810 otiam‘auditumet

296 883 394 930 rum.
451 853 493 924 ln
513 875 592 924 mea
615 853 732 943 patria
757 862 810 922 est
830 849 1071 932 consuetudo,
1107 859 1149 918 ut
1168 846 1293 917 rustici
1346 840 1537 924 olfactum,
1571 837 1672 934 quod
1691 833 1777 906 inde
1800 834 2048 922 animadversi
2066 835 2218 930 μαι,
2258 842 2328 936 (μὴ

296 961 446 1032 veniant
460 945 465 956 ’
479 956 520 1026 in
552 955 679 1024 urbem
724 954 844 1022 ornati
884 946 1070 1034 colchica,
1115 949 1292 1041 agitantes
1346 941 1519 1016 odoribus
1550 937 1763 1012 aromaticis
1790 937 2008 1030 eplasiorum
2028 953 2119 1011 sunt
2140 941 2329 1016 inimicissi-

297 1060 487 1144 convivia,
511 1069 546 1128 et
563 1057 689 1131 dicunt
705 1083 742 1128 se
758 1057 821 1126 illo
844 1053 933 1123 llore
954 1051 1118 1135 moneri,
1147 1065 1189 1122 ut
1210 1053 1293 1124 sub-
1344 1067 1446 1128 mae,
1471 1043 1554 1114 dem
1571 1036 1922 1136 apoteelsergeruoh',
1947 1055 1983 1111 et
2006 1045 2154 1138 qnando
2178 1045 2328 1120 incidunt

298 1177 384 1236 eant
406 1185 502 1232 nova
528 1183 651 1252 opera.
773 1160 939 1252 Acontbi]
973 1149 1176 1226 Branchiac
1199 1155 1293 1225 ursi-
1345 1148 1384 1216 in
1401 1147 1537 1218 oleata
1557 1147 1739 1239 graviter,
1773 1147 1859 1215 truc
1877 1145 2059 1216 acerrime
2082 1169 2145 1218 eos
2159 1163 2328 1241 pungne

297 1292 387 1352 nae,
411 1263 623 1336 berenklau.
1344 1249 1507 1322 fortassis
1529 1250 1640 1320 etiam
1661 1243 1981 1340 gustbarlaabesat,
2020 1249 2107 1344 quia
2134 1273 2214 1335 non
2247 1253 2329 1323 solli.

398 1367 461 1438 Vs.
479 1359 566 1439 125.
593 1357 766 1462 Oebaliae]
793 1361 830 1432 id
848 1373 912 1446 est,
939 1359 1111 1444 Tarenti,
1138 1360 1222 1456 quia
1241 1369 1294 1430 est
1345 1367 1435 1446 gunt
1452 1377 1595 1424 succum
1612 1351 1748 1433 mellis,
1773 1349 1846 1420 nisi
1865 1373 1916 1466 er
1926 1351 2136 1472 &vimine
2159 1354 2329 1427 olentbns
2390 1422 2391 1425 ,

300 1472 445 1544 condita
469 1465 560 1538 baec
579 1469 665 1538 urbs
688 1465 1042 1548 abacedaemoniis,
1074 1463 1139 1557 qui
1161 1483 1293 1533 vocau-
1345 1453 1478 1528 herbis.
1555 1474 1588 1518 .2¹
1700 1491 1717 1540 ‚·
1746 1506 1751 1517 ,
1780 1511 1785 1534 ,
1818 1491 1848 1505 -·
1894 1486 1935 1539 g
2045 1512 2050 1522 .
2142 1498 2147 1514 .
2183 1508 2187 1517 .

298 1588 359 1648 tur
374 1571 546 1645 Oebaliae
561 1572 607 1641 ab
622 1569 761 1640 Oebalo
776 1591 872 1659 rege.
1446 1556 1509 1628 Vs.
1526 1551 1611 1632 162.
1636 1559 1752 1633 alm
1765 1550 1927 1656 Dictae]
1944 1556 2088 1644 idest,
2103 1558 2157 1628 ,in
2173 1558 2289 1632 cren,
2384 1570 2389 1611 ι

402 1675 464 1747 Vs.
481 1675 569 1750 127.
596 1663 791 1767 comatum]
818 1671 935 1753 idest,
956 1669 1106 1740 militem
1124 1670 1293 1761 piratam.
1399 1710 1403 1735 .
1446 1657 1511 1732 Vs.
1527 1657 1614 1732 tos
1637 1657 1759 1760 adae]
1786 1663 1824 1731 id
1848 1663 1920 1745 εει,
1953 1657 2089 1752 iupiter
2102 1661 2264 1734 'ornavit
2282 1687 2329 1735 eas

299 1779 395 1854 Nam
420 1777 616 1869 Pompeius
639 1775 738 1844 dedit
761 1773 889 1865 piratis
909 1795 1025 1864 agros.
1090 1770 1145 1842 lbi
1175 1770 1293 1865 iuquit
1344 1761 1519 1835 industria
1536 1764 1709 1856 singulari
1719 1764 2236 1856 praecaeterisanimantibus,
2254 1767 2326 1839 sieut

179 1947 182 1956 .
300 1881 410 1954 [εἱεεε
431 1879 583 1950 militem
606 1878 808 1972 quendam,
849 1874 912 1969 qui
933 1871 1100 1945 habuerit
1119 1898 1291 1967 magnum
1344 1867 1642 1939 stultaanimalia
1668 1865 1843 1960 qua'edaiu
1868 1867 2065 1960 peculiaria
2082 1864 2234 1943 babent,
2280 1869 2326 1940 Pi.

303 1996 491 2081 quaestum
506 2005 549 2052 ex
564 1976 673 2050 horto
688 2001 767 2050 suo.
818 1975 1015 2048 Columella
1041 1977 1149 2048 ctiam
1169 1976 1293 2050 scribit
1344 1969 1476 2044 cus'est'
1486 1970 1613 2062 imago
1624 1967 1757 2062 ingrati
1772 1970 1914 2057 mariti,
1938 1969 2108 2070 qssiasnb
2125 1987 2325 2045 autumnum

303 2087 485 2182 quendam
516 2080 811 2176 patremfamilias
839 2078 1025 2176 reliquisse
1049 2082 1189 2152 duobus
1211 2081 1292 2152 hliis
1345 2075 1440 2148 eiicit
1457 2073 1665 2166 coniugem,
1692 2097 1740 2145 ne
1756 2087 1905 2168 cogatur
1923 2070 2172 2170 perhyemem
2186 2075 2325 2161 nutrire,

303 2213 454 2282 agrum,
476 2187 558 2258 illos
572 2200 691 2256 autem
709 2183 925 2254 convertisse
943 2207 1069 2274 agrum
1093 2185 1138 2254 in·
1155 2179 1292 2268 hortos,
1343 2194 1465 2274 postea
1481 2179 1520 2250 io
1537 2201 1620 2253 vere
1634 2178 1823 2270 recipisse
1838 2179 1890 2251 s'e.
1911 2198 1916 2208 ·
1938 2176 2120 2251 ltem·=hoc
2137 2180 2254 2252 etiam
2276 2182 2325 2250 ob·

304 2305 341 2362 et
370 2289 564 2386 quotannis
595 2313 639 2359 ex
669 2287 739 2358 illis
767 2282 933 2358 habuisse
955 2288 1128 2360 ducentos
1151 2309 1290 2361 aomos.
1343 2287 1559 2358 servandum
1579 2300 1652 2374 est,
1670 2281 1779 2384 ¹quod
1793 2281 2070 2376 apicula-potest
2086 2279 2212 2366 rivel-e
2227 2293 2324 2381 usquc

302 2391 358 2464 Ita
373 2417 525 2482 magnus
540 2388 721 2485 proiectus
735 2402 787 2460 est
803 2415 845 2460 ex
861 2386 988 2463 hortis.
1343 2393 1389 2462 ad
1405 2388 1583 2462 decimum
1603 2387 1759 2480 annum,
1789 2385 2003 2485 regulariter
2022 2409 2096 2460 sen-
2109 2411 2242 2466 annos.
2289 2385 2325 2459 bt

405 2493 466 2566 Vs.
484 2495 569 2567 131.
599 2489 790 2589 ratenus]
818 2493 1046 2568 Eisenkraut.
1134 2485 1291 2570 Vescunt-
1342 2492 1481 2566 nullum
1498 2495 1672 2566 insectum
1691 2500 1831 2571 tamdiu
1846 2500 1986 2570 durat·
2035 2541 2040 2554 ·

347 2599 549 2691 cpapover]
574 2597 612 2667 id
639 2611 711 2681 cst,
744 2595 941 2691 insipidum
968 2610 1117 2691 propter
1137 2601 1288 2670 nimiam
1347 2608 1352 2648 ¹
1418 2594 1504 2668 =Vs.
1523 2594 1606 2670 154.
1636 2603 1788 2693 Habeat]
1817 2601 1855 2670 id
1878 2593 1953 2687 est,
1985 2591 2120 2676 habent
2139 2599 2324 2692 imaginem

301 2621 555 2772 bbmiditatem
571 2713 606 2772 ει
619 2700 865 2792 frigiditatem.
1343 2700 1457 2772 civilis
1473 2700 1581 2774 vitae.
1672 2698 1842 2802 Magais]
1869 2703 1908 2774 id
1924 2715 1996 2788 est,
2020 2703 2269 2788 naturalibus,
2285 2701 2325 2772 aie
2382 2786 2386 2797 Ι

404 2800 467 2876 Vs.
482 2801 568 2876 15⁷.
594 2805 658 2875 Ille
672 2800 816 2904 mom]
837 2803 899 2876 Ille
915 2831 994 2878 mos
1016 2803 1133 2878 adbuc
1156 2807 1291 2880 mansit
1342 2799 1465 2875 halteu
1483 2799 1562 2876 ihre
1577 2806 1681 2895 leges.
1733 2799 1952 2888 Hominibus
1966 2806 2075 2876 etiam‘
2095 2820 2149 2879 est
2160 2807 2325 2900 impressa
2381 2860 2386 2893 ,

300 2904 478 2992 initalia,
503 2921 543 2979 ut
558 2931 662 3002 saepe
681 2921 868 2980 vescantur
890 2905 1030 2994 herbis,
1055 2911 1146 2982 sicut
1165 2932 1291 2982 narra·
1343 2909 1419 2992 lex,
1443 2907 1505 2978 sed
1521 2909 1586 2977 illa
1600 2919 1653 2979 est
1667 2910 1853 3000 corruptio
1869 2901 2080 2994 homiuum,
2112 2921 2252 2981 utnon
2275 2909 2325 2977 ob·
2381 2918 2386 2971 l

301 3023 364 3082 tur
379 3009 478 3082 iocus
495 3012 538 3081 de
552 3011 688 3104 pictore
704 3014 875 3108 quodam.
925 3011 1010 3084 Isin
1027 3027 1159 3084 aestate
1174 3039 1292 3084 come·
1343 3001 1544 3103 temperent
1559 3009 1629 3103 legi
1643 3024 1808 3087 naturae.
1847 3011 2001 3108 Reliqua
2017 3013 2217 3086 animantia
2232 3015 2326 3084 bruta

303 3115 407 3184 derat
425 3108 553 3185 herbas
574 3117 671 3206 apud
692 3139 795 3186 suum
820 3115 1008 3187 dominum
1035 3116 1074 3186 in
1097 3111 1223 3203 ltalia,
1257 3131 1292 3187 et
1344 3115 1465 3184 omnia
1482 3117 1734 3208 obtemperant
1750 3115 1886 3207 legibus
1903 3129 2066 3188 naturae.
2125 3127 2131 3153 ¹

303 3239 383 3287 eum
402 3214 551 3289 instaret
567 3214 712 3313 hyems,
737 3218 852 3288 voluit
865 3220 1059 3290 discedere.
1112 3219 1292 3292 Dominus
1444 3216 1506 3290 Vs.
1524 3214 1610 3292 156.
1658 3220 1904 3316 Vtatumqee]
1934 3219 2071 3305 idest,
2104 3214 2327 3317 suntprovi·

301 3319 556 3410 interrogavit,
591 3321 679 3416 quid
700 3343 827 3392 causac
849 3317 1018 3406 haberet,
1052 3347 1115 3394 cur
1135 3324 1292 3396 discede·
1344 3325 1480 3392 dentes.
1638 3323 1640 3333 '
1851 3383 1857 3400 ,
2132 3411 2137 3418 Ι

300 3433 370 3492 ret.
420 3417 484 3492 llle
498 3425 704 3516 respondit,
729 3419 821 3493 nihil
837 3427 1054 3510 admodum,
1079 3429 1141 3498 sed
1162 3426 1292 3513 vereri,
1387 3415 1391 3422 ’
1442 3423 1505 3495 Vs.
1526 3418 1609 3500 168.
1639 3415 1768 3518 Ποία]
1801 3424 1840 3494 id
1864 3437 1936 3510 est,
1972 3423 2098 3496 victui.
2148 3419 2327 3508 ³Describit
2388 3501 2389 3506 ἵ

301 3621 431 3722 byeme
446 3629 592 3700 foenum
610 3631 714 3700 edere
731 3643 930 3722 cogeretur.
1345 3629 1439 3700 aliae
1451 3626 1634 3700 advehunt
1649 3621 1814 3715 succum,
1841 3631 1932 3700 aliae
1947 3631 2113 3702 excubias
2128 3641 2253 3722 agunt.

404 3727 467 3801 Vs.
486 3727 571 3804 141.
598 3735 724 3826 Pioru]
750 3731 876 3816 idest,
901 3757 1010 3804 nuces
1026 3731 1162 3826 pineas.
1444 3734 1506 3805 Vs.
1527 3729 1611 3805 159.
1635 3727 1743 3832 Pure]
1767 3735 1837 3805 Ein
1861 3735 1934 3827 teyl
1955 3733 2064 3825 lleugt
2090 3756 2167 3804 aus.
2218 3729 2328 3801 lunio·

328 3865 333 3878 ·
404 3829 466 3905 Vs.
484 3829 568 3906 145.
604 3839 818 3933 Eduromque
837 3836 968 3930 pirum]
994 3836 1070 3907 Der
1094 3835 1194 3909 nicht
1215 3840 1292 3912 seer
1344 3858 1401 3905 res
1431 3838 1595 3924 evolant,
1636 3840 1832 3911 adultiores
1862 3837 2078 3906 manentia
2109 3832 2213 3906 tectis
2239 3834 2327 3904 iusta

302 3929 388 4005 hart
407 3935 465 4008 ist.
524 3936 613 4007 Tale
639 3951 711 4022 est,
742 3941 872 4029 egelida
900 3963 1014 4036 aqua,
1050 3940 1183 4026 idest,
1216 3966 1291 4012 non
1344 3936 1580 4028 versiculum,
1606 3939 1911 4043 ipyovsuivetc„
1944 3939 2070 4023 idest,
2102 3938 2251 4010 iuvenes
2277 3935 2328 4003 dt*

168 4087 178 4105 .
303 4036 408 4109 valde
433 4039 561 4129 gelida.
678 4044 825 4133 spinos]
852 4042 983 4136 Spiuus
1004 4067 1133 4135 genere
1156 4069 1292 4118 mascu-
1343 4043 1430 4112 bent
1451 4043 1638 4130 laborare,
1671 4067 1746 4118 esse
1769 4045 1807 4113 in
1830 4043 1950 4137 operis
1973 4041 2144 4128 militiae,
2179 4039 2328 4112 seniores

302 4140 380 4210 lino
405 4138 541 4236 (inquit
563 4139 725 4236 Servius)
750 4145 924 4236 significat
954 4147 1121 4216 arborem
1157 4172 1292 4241 pruno·
1345 4145 1477 4216 debent
1498 4149 1598 4217 domi
1624 4151 1746 4220 sedere
1770 4149 1816 4216 ad
1845 4146 2107 4240 gubernacula,
2142 4165 2274 4235 regere
2299 4149 2328 4207 et

303 4267 407 4328 rum,
435 4245 754 4335 pflaumenhaum.
806 4246 953 4342 Alioqui
977 4251 1085 4344 vulgo
1108 4265 1293 4343 exponunt
1344 4251 1545 4340 gubernare
1562 4251 1722 4324 consilia.
1809 4245 1918 4349 Pars]
1939 4250 2062 4331 idest,
2089 4247 2308 4338 grandiores.

304 4347 446 4438 spinum
460 4369 527 4437 pro
542 4347 685 4418 acatiis.
711 4344 914 4422 schledorn.
1447 4351 1509 4425 Vs.
1529 4349 1614 4427 160.
1639 4355 1885 4448 waramum]
1903 4357 2028 4437 idest,
2052 4350 2245 4445 liquorem.
2271 4343 2328 4430 5⁸¹

403 4445 464 4518 Vs.
485 4445 570 4520 146.
596 4451 796 4544 Platonem]
821 4465 874 4525 εει
890 4454 1000 4526 arbor
1017 4455 1166 4549 proprie
1180 4455 1291 4528 Grae·
1344 4455 1527 4526 usitatum
1547 4459 1761 4528 vocabulum
1794 4457 1963 4541 medicis,
2004 4477 2226 4550 quamquam
2251 4453 2327 4520 sunl

305 4569 366 4631 ca,
388 4549 537 4633 sterilis,
561 4551 687 4624 similis
702 4553 811 4627 tiliae.
1344 4559 1550 4630 discrimina
1566 4559 1661 4629 inter
1675 4556 1899 4653 lachrymam
1918 4572 2120 4630 etsuccum.
2194 4546 2328 4637 ewen]

404 4648 467 4724 Vs.
487 4650 570 4726 149.
592 4659 784 4750 Nuaoape]
811 4653 878 4727 Ιειε
892 4671 944 4729 εει
960 4659 1059 4731 locus
1079 4661 1292 4734 iucundissi-
1344 4663 1380 4731 id
1404 4673 1476 4746 εει,
1503 4661 1692 4754 glutinum.
1750 4662 1846 4755 Apes
1868 4655 2074 4733 convehunt
2096 4657 2230 4751 partim
2256 4673 2327 4724 sue·

219 4751 228 4763 ’
302 4777 383 4825 mus
397 4748 504 4827 huius
517 4755 620 4843 libri,
645 4773 834 4852 propterea
852 4763 950 4854 quod
972 4763 1140 4835 describit
1161 4768 1292 4839 multas
1345 4791 1425 4836 cum
1455 4790 1497 4835 ex
1524 4765 1673 4836 floribus
1695 4760 1884 4850 haustum,
1924 4763 2057 4858 partim
2089 4759 2228 4851 gummi
2261 4753 2327 4824 col·
2382 4771 2384 4798 ³

301 4859 560 4949 proprietates,
600 4873 636 4932 et
657 4875 700 4933 ut
727 4862 776 4931 ita
799 4863 937 4946 dicam,
970 4867 1142 4958 dynames
1169 4891 1291 4962 apum.
1343 4870 1474 4939 lectum
1504 4890 1548 4937 ex
1578 4869 1788 4955 arboribus,
1827 4879 1863 4938 ct
1883 4889 1926 4937 er
1946 4866 2012 4935 illo
2039 4865 2177 4957 gummi
2199 4857 2328 4932 iaciunt

302 4957 372 5030 sed
390 4961 546 5052 primum
563 4964 664 5034 addit
678 4965 855 5058 poeticam
868 4965 1066 5058 picturam,
1092 4975 1190 5066 quod
1208 4973 1292 5046 istas
1344 4971 1519 5065 glutinum
1537 4984 1572 5041 et
1588 4995 1726 5056 caecas,
1752 4997 1794 5042 ex
1809 4992 1915 5041 succo
1929 4969 2049 5040 mella.

302 5061 541 5154 proprietates
563 5079 599 5137 ει
621 5070 716 5137 dona
741 5070 931 5140 donaverit
955 5069 1005 5142 eis
1020 5069 1175 5167 iupiter,
1208 5100 1292 5167 pro·
1445 5072 1506 5146 Vs.
1526 5073 1612 5149 16³.
1651 5081 1805 5148 Edacunl
1820 5073 1948 5164 factm]
1987 5071 2024 5140 id
2048 5079 2118 5152 elis
2161 5063 2328 5136 lnfflbffl

302 5175 425 5255 pterea
441 5169 539 5259 quod
554 5190 631 5242 eam
647 5184 823 5262 paverant
836 5173 875 5242 in
894 5173 1014 5245 Creta.
1342 5177 1559 5251 vermiculis.
1610 5176 1751 5270 Legunt
1767 5177 1947 5272 quendam
1975 5175 2112 5243 bonum
2139 5181 2176 5238 ει
2198 5185 2324 5261 purum

404 5265 467 5340 Vs.
483 5267 567 5343 151.
594 5267 769 5370 comum]
795 5275 832 5344 id
848 5287 912 5360 cst,
937 5276 1173 5348 Cretensium.
1205 5278 1292 5350 Cae·
1342 5304 1484 5364 rorem,
1523 5281 1731 5372 praesertim
1760 5279 1799 5348 in
1830 5277 1929 5347 oleae
1949 5275 2044 5346 foliis
2065 5274 2167 5342 illum
2195 5271 2325 5358 impor-

302 5379 420 5440 terum
439 5369 586 5444 Curetes
599 5376 745 5445 luerunt
768 5379 958 5467 peculiaris
982 5382 1137 5471 populus
1153 5381 1293 5466 Cretae,
1342 5395 1440 5468 tant,
1465 5394 1502 5451 et
1519 5383 1571 5452 illi
1588 5382 1771 5452 incubant.
1807 5376 1895 5450 Inde
1908 5390 2031 5472 postea
2048 5378 2088 5446 lit
2103 5369 2327 5448 corniculus.
2381 5397 2382 5424 ι

306 5481 342 5540 ει
371 5473 459 5546 alias
485 5489 661 5548 vocantur
684 5475 783 5548 ldaei
805 5481 959 5574 dactyli,
998 5483 1129 5569 idest,
1168 5485 1295 5555 berck-
1342 5486 1401 5566 cui
1415 5487 1587 5556 accedunt
1601 5484 1699 5570 alac,
1725 5495 1761 5554 et
1775 5485 1922 5580 quaudo
1944 5505 2008 5552 m
2026 5479 2180 5572 predita
2202 5493 2325 5546 ευπ-

2378 5973 2380 6031 l

302 3523 388 3618 quia
421 3548 487 3617 per
519 3539 687 3597 aestatem
723 3522 852 3597 herbas
885 3529 1123 3615 comedisset,
1173 3554 1218 3600 ne
1253 3530 1291 3599 in
1342 3527 1415 3596 iam
1448 3527 1692 3598 diversitatem
1724 3550 1896 3620 operum,
1937 3527 2030 3597 aliae
2054 3527 2196 3600 faciunt¹
2218 3523 2328 3603 mella,
