4782 6060
65 281 136 356 809
515 267 734 344 LXXXVIII.
785 263 1070 358 ENAIIRATIO
1104 258 1387 339 GEORGICON
1423 259 1628 335 VIRGILII.
2012 267 2089 342 370

160 449 221 520 Vs.
241 445 325 518 188.
355 449 398 514 Iu
418 442 552 536 liorem]
586 443 624 512 id
648 453 718 524 est,
750 441 780 512 si
801 451 884 512 scrut
908 439 1044 532 copiosi
1096 435 1319 528 ingrediente
1343 435 1381 504 in
1407 439 1462 506 ,ul-2.
1515 433 1562 504 Et
1585 435 1748 530 loquitur
1779 435 1824 506 de
1856 437 1994 509 satione
2022 463 2086 510 au-

64 555 176 625 flores.
628 575 632 584 ·
1096 538 1260 610 tumnali.

159 651 219 723 Vs.
240 648 324 721 189.
350 649 394 720 Si
410 648 587 738 superant]
614 644 858 718 scilicetlolia.
971 707 975 717 ,
1197 640 1258 712 Vs.
1275 643 1362 714 211.
1397 637 1569 739 Brumae]
1606 640 1744 711 Bruma
1768 639 1941 732 significat
1966 643 2084 734 ipsum

159 754 219 826 Vs.
240 751 324 824 198.
357 751 514 840 semina]
548 747 788 818 Undecimum
812 755 1042 838 praeceptum
1096 743 1190 812 diem
1219 743 1361 814 solstitii
1389 740 1559 838 hyberni;
1601 743 1678 814 vult
1707 754 1826 814 autem
1857 739 1926 816 boc
1955 745 2084 830 dicere,

64 861 103 928 de
120 854 314 930 seminibus
329 851 608 945 liquefaciendis.
1095 845 1204 916 nimis
1221 848 1469 937 tempestivam
1487 845 1662 917 sationem
1677 869 1753 914 nou
1770 871 1844 918 esse
1861 849 2008 921 bonam.

158 957 219 1029 Vs.
236 953 322 1028 194.
358 959 402 1024 ut
434 957 526 1028 uitro
546 952 674 1044 petus]
706 951 852 1023 Nitrurn
875 941 1044 1042 prohibet
1204 945 1261 1019 Vs.
1277 952 1364 1024 212.
1393 943 1556 1048 cereata]
1584 947 1677 1020 Nam
1696 948 1802 1020 Ceres
1820 947 1981 1040 pingitur
2000 975 2081 1020 cum

62 1059 368 1154 putrefactionem.
418 1053 502 1126 Ideo
527 1055 565 1124 in
585 1055 673 1125 locis
696 1053 837 1137 calidis,
863 1048 1044 1121 utinlta-
1096 1075 1294 1144 papavere,
1329 1052 1385 1122 vel
1414 1055 1545 1123 dieitur
1562 1051 1726 1136 Cereale,
1756 1051 1841 1145 quia
1864 1063 2000 1124 veteres
2021 1077 2085 1145 pa·

61 1165 123 1247 lia,
149 1164 213 1232 ubi
228 1172 375 1253 propter
389 1157 542 1230 nimium
558 1158 727 1241 calorem,
751 1155 880 1224 deinde
896 1164 1044 1246 propter
1095 1178 1229 1247 pavere
1242 1153 1438 1224 miscebant
1454 1156 1607 1249 panibus
1630 1167 1778 1247 propter
1806 1178 1971 1226 somnum
2000 1149 2090 1225 cou-¹

60 1267 191 1356 pingue
207 1264 323 1337 solum
340 1263 410 1332 cito
427 1273 635 1352 putrescunt
658 1261 796 1350 fruges,
831 1257 947 1328 solent
964 1277 1044 1346 per·
1097 1257 1304 1327 ciliandum.

58 1369 205 1438 sundere
228 1367 336 1436 nitro.
388 1365 481 1436 Nam
506 1363 660 1446 nitrum,
695 1375 735 1431 ut
759 1359 850 1444 dixi,
878 1354 1045 1451 prohibet
1196 1358 1258 1430 Vs.
1281 1355 1369 1432 215.
1406 1362 1490 1432 Vere
1509 1352 1619 1454 fabis]
1653 1355 1743 1430 XIII.
1776 1373 2004 1452 praeceptum
2038 1361 2083 1429 de

58 1469 366 1560 putrefactionem.
409 1465 457 1535 Et
471 1465 509 1534 in
522 1464 625 1535 ltalia
641 1463 793 1556 amplius
806 1463 952 1532 biennio
969 1485 1043 1531 non
1095 1485 1206 1531 verna
1224 1462 1374 1532 satione.
1468 1457 1623 1559 Medico]
1651 1460 1833 1554 Legumen
1852 1462 1967 1533 simile
1982 1462 2082 1547 lenti,

57 1574 187 1642 durant
203 1575 332 1660 fruges.
435 1569 615 1662 Amuren]
641 1565 889 1636 Fecibusolei.
1095 1566 1152 1634 vel
1168 1588 1389 1654 exponamus
1406 1589 1473 1656 pro
1490 1565 1596 1634 lente.
2219 1627 2227 1644 ,

155 1674 218 1744 Vs.
235 1671 320 1742 196.
345 1673 548 1763 stuperem]
572 1671 692 1751 idest,
714 1680 824 1738 cocta.
1197 1667 1258 1738 Vs.
1274 1667 1360 1742 217.
1397 1670 1567 1740 Candidus
1588 1661 1739 1764 auratis]
1772 1667 1809 1734 id
1833 1681 1903 1754 est,
1936 1670 2081 1765 quando

153 1776 215 1848 Vs.
241 1771 327 1845 198.
366 1779 583 1865 Degenerare
609 1775 749 1858 samen]
791 1768 949 1840 Subinde
982 1768 1043 1839 de·
1148 1769 1348 1861 ingreditur
1369 1791 1399 1864 g
1424 1771 1462 1838 in
1476 1769 1605 1862 Aprili.
1715 1766 1878 1868 Auratis]
1902 1771 1979 1842 IIoc
1994 1771 2080 1842 dicit

59 1891 215 1950 crescunt
237 1875 386 1948 semina.
438 1877 578 1946 Natura
600 1875 695 1965 enim
718 1873 855 1960 delicit,
878 1870 1042 1942 sicutne·
1095 1885 1244 1963 propter
1264 1895 1402 1942 utonem
1418 1872 1646 1956 Romanurn,
1672 1871 1756 1964 quia
1780 1896 1912 1944 cornua
1938 1875 2083 1945 inaura-

59 2005 235 2075 quaquam
251 1979 399 2049 dubium
416 1991 470 2049 est
485 1991 646 2048 veterum
658 1999 809 2068 corpora
821 1975 1042 2064 suissegran-
1094 1977 1227 2044 bantur
1242 1977 1374 2060 tauris,
1402 1976 1464 2068 qui
1480 1975 1731 2043 mactabantur
1746 1974 1785 2043 in
1801 1973 2005 2070 triumphis.

59 2085 174 2166 diora,
202 2107 311 2177 quam
328 2106 424 2150 minc
442 2093 536 2150 sunt.
1196 2075 1256 2148 Vs.
1274 2078 1363 2152 218.
1389 2082 1493 2150 canta
1506 2078 1641 2168 occidit]
1667 2077 1800 2147 scilieet
1824 2103 1951 2151 occasu
1966 2075 2078 2148 helia-

153 2184 214 2258 Vs.
233 2183 316 2255 199.
342 2181 650 2271 Sieomniafutis]
677 2175 872 2252 Pulchrum
893 2173 1042 2269 epipho-
1095 2202 1156 2261 co,
1183 2181 1267 2273 quia
1295 2193 1348 2252 est
1369 2174 1511 2251 'vicinus
1541 2177 1715 2250 Geminis.
1781 2180 1862 2252 Sole
1890 2206 1974 2274 ergo
1996 2204 2081 2274 pro-

57 2311 167 2359 nema.
963 2297 967 2310 ‘
1094 2306 1213 2370 gresso
1231 2283 1269 2352 in
1286 2283 1423 2367 Tauro,
1445 2285 1612 2353 obscurat
1625 2287 1825 2374 praesentia
1842 2285 1917 2358 eius
1934 2285 2080 2356 Canem.

149 2389 310 2464 szst
334 2387 461 2477 Ruere]
487 2395 693 2476 proruunt.
751 2383 843 2454 Nam
868 2381 1041 2451 exclama·
1092 2384 1165 2454 Alii
1182 2387 1226 2454 de
1243 2409 1369 2456 occasu
1390 2385 1544 2455 cosmico
1563 2398 1758 2476 exponunt.

58 2491 165 2565 tiones
190 2493 389 2562 efferuntur
409 2511 475 2580 per
497 2487 714 2570 infinitivos,
748 2487 812 2579 qui
834 2485 965 2554 debent
986 2509 1041 2554 re·
1192 2487 1350 2561 veuls).
1376 2493 1424 2559 At
1437 2493 1469 2558 si
1490 2481 1678 2584 triticeam]
1701 2487 1809 2557 Redit
1828 2489 1873 2556 ad
1890 2501 2081 2560 autumna·

57 2597 140 2666 solvi
163 2596 201 2664 in
223 2591 448 2662 indicativus.
506 2589 574 2658 llic
594 2588 830 2660 memineritis
851 2587 1040 2678 diligenter
1092 2589 1161 2658 lem
1178 2591 1368 2662 sationem.

58 2721 191 2782 causas,
217 2719 332 2790 quare
356 2717 474 2763 mores
489 2687 678 2762 hominum
693 2701 801 2760 ruant
817 2691 856 2760 in
871 2691 1038 2762 deterius.
1193 2691 1254 2764 Vs.
1268 2696 1355 2768 221.
1384 2697 1474 2764 Ante
1490 2685 1571 2788 tibi]
1600 2689 1827 2762 Constructio
1850 2702 1922 2774 est,
1954 2691 2079 2762 Atlan.

58 2799 141 2870 Sunt
162 2813 283 2870 nutern
309 2811 379 2867 tres
397 2795 622 2888 praecipuae.
673 2793 796 2864 Prima
816 2806 868 2865 est
885 2805 1037 2864 naturae
1090 2795 1180 2866 tides
1203 2809 1285 2865 ante
1304 2795 1370 2866 tibi
1387 2797 1653 2866 abscondantur
1668 2793 1779 2892 ane.
1828 2791 1926 2864 ane
1941 2796 2077 2888 regitur

59 2903 250 2973 infirmitas.
302 2900 395 2972 Nam
418 2909 546 2968 natura
561 2900 601 2968 fit
616 2897 766 2968 subinde
782 2896 978 2980 infirmior,
1004 2909 1038 2966 ει
1090 2897 1135 2966 ab
1160 2899 1446 2982 abscondantur,
1482 2897 1521 2966 id
1544 2910 1615 2982 εει,
1654 2897 1818 2967 Pleiades
1848 2897 1947 2990 prius
1970 2921 2076 2968 mane

60 3006 154 3100 prasi
175 3002 337 3075 senescit.
388 3001 553 3072 Secunda
577 3023 681 3072 causa
706 3012 758 3068 est
772 3001 874 3070 furor
890 2999 1037 3084 diaboli,
1090 3001 1266 3074 occidant.
1338 2981 1519 3096 [oquitur
1547 3013 1667 3070 autem
1698 3001 1742 3070 de
1772 3024 1900 3072 occasu
1921 3002 2075 3074 cosmico

60 3109 126 3200 qui,
149 3131 227 3176 cum
244 3117 447 3198 postremus
464 3103 521 3186 sit,
534 3103 712 3190 enauimus
725 3102 833 3172 etiam
847 3116 911 3174 est.
947 3102 1036 3172 Ter·
1088 3101 1297 3188 Pleiadum,
1322 3105 1386 3200 qui
1401 3107 1441 3172 fit
1458 3102 1495 3171 in
1513 3101 1676 3178 Octobri.

60 3208 102 3278 tia
116 3235 217 3280 causa
234 3220 319 3278 sunt
335 3206 508 3298 exempla.
1188 3207 1249 3278 Vs.
1259 3213 1348 3282 222.
1373 3201 1513 3303 Gnosio]
1538 3207 1655 3288 idest,
1683 3205 1877 3288 Cretensis;
1903 3231 2075 3280 coronam

147 3312 208 3384 Vs.
225 3311 314 3386 201.
342 3315 422 3382 Non
440 3301 570 3404 alitem]
598 3307 731 3378 scilicet
751 3319 874 3378 ruunt.
928 3307 1033 3377 Simi-
1086 3311 1263 3382 Ariadnes
1280 3311 1467 3401 intelligit,
1495 3332 1587 3402 quae
1604 3309 1671 3379 suit
1688 3333 1730 3379 er
1752 3309 1867 3382 Creta.
1969 3315 2077 3384 Dece-

57 3411 162 3484 litudo
186 3428 239 3486 est
255 3413 438 3506 aptissima
456 3425 492 3482 et
506 3405 760 3505 pulcherrima.
814 3409 892 3480 IIoc
914 3424 1032 3480 autem
1085 3407 1162 3510 em]
1190 3412 1227 3481 id
1242 3427 1315 3494 est,
1345 3413 1483 3482 oriatur
1496 3406 1644 3483 heliace.
1908 3413 1910 3416 ’

59 3515 126 3584 vult
143 3517 280 3587 dicere:
307 3515 378 3586 Res
393 3511 573 3586 humanae
587 3523 716 3602 ruunt;
747 3514 809 3584 sed
831 3537 1034 3604 repugnan-
1187 3515 1248 3587 Vs.
1265 3511 1354 3590 225.
1389 3509 1545 3612 coepere]
1580 3516 1616 3584 id
1641 3527 1712 3599 est,
1737 3511 1997 3587 inchoaverunt
2022 3539 2076 3589 sa·
2213 3537 2232 3572 ⁰

59 3619 133 3687 dum
150 3631 201 3690 εει
215 3619 414 3690 ruentibus.
464 3617 530 3690 Est
545 3616 645 3688 locus
659 3617 860 3688 communis
876 3619 920 3686 de
935 3617 1033 3686 infir·
1085 3619 1234 3692 tionem.
1352 3613 1490 3715 Maiae]
1518 3619 1640 3704 idest,
1668 3630 1750 3688 aute
1775 3643 1937 3690 occasum
1960 3618 2103 3690 Pleia·'

58 3721 171 3792 mitate
196 3747 318 3793 rerum
347 3717 588 3792 humanarum
615 3720 765 3792 subinde
787 3720 969 3790 ruentium
994 3721 1032 3790 in
1085 3723 1184 3794 dum.

58 3823 214 3898 deterius.
612 3877 622 3896 .
1185 3821 1247 3894 Vs.
1262 3823 1349 3898 226.
1382 3827 1488 3896 Vanis
1509 3819 1673 3922 coenis⁰J
1700 3826 1815 3898 doller
1838 3822 1970 3914 haber,
1995 3829 2076 3902 vide

146 3929 205 4000 Vs.
229 3926 319 4004 204.
353 3917 556 4022 Praetereo]
589 3923 854 3996 Duodecimum
887 3949 1031 4017 praece·
1084 3951 1204 4020 supra.

58 4039 149 4118 ptum
183 4035 228 4101 de
257 4030 490 4100 observandis
517 4029 654 4098 ortibus
677 4041 713 4096 et
732 4029 913 4100 occasibus
938 4031 1030 4102 side·
1185 4029 1246 4100 Vs.
1264 4029 1350 4104 228.
1378 4024 1613 4126 Ρεὶεεείαεαε]
1640 4031 1676 4100 10
1692 4045 1763 4116 εει,
1790 4032 2039 4128 Aegyptiacae.

58 4153 140 4204 rum.
239 4127 389 4229 Sidera]
418 4133 544 4215 idest,
571 4142 670 4202 ortos
694 4141 730 4198 et
751 4153 905 4206 occasus.
964 4133 1031 4202 Ar·
1185 4133 1245 4204 Vs.
1262 4131 1348 4206 229.
1376 4135 1479 4204 Haud
1497 4136 1637 4205 obseura
1652 4130 1792 4233 cadens]
1819 4137 1856 4206 id
1873 4150 1943 4222 εει,
1970 4163 2074 4210 οεεε-

60 4245 167 4306 cturus
188 4235 368 4329 priucipio
394 4233 487 4305 veris
517 4234 633 4304 oritur
665 4226 866 4307 achronice.
932 4233 1029 4327 Ergo
1083 4261 1141 4305 sus
1158 4234 1382 4306 achronicus.
1486 4239 1684 4308 Mittettibi
1703 4237 2073 4340 0910000010]εεί-

59 4336 223 4430 principio
245 4337 412 4410 autumni
436 4337 552 4406 oritur
571 4337 742 4419 cosmice‚
769 4349 803 4406 et
825 4349 947 4428 postea
969 4333 1031 4409 he·
1081 4339 1183 4424 licet,
1210 4339 1356 4433 quando
1373 4337 1503 4408 occidit
1520 4363 1641 4410 mense
1655 4339 1873 4428 Novembri,
1899 4349 1997 4438 quod
2020 4359 2072 4416 ta·

60 4435 148 4512 liace.
198 4440 318 4512 IIoedi
334 4439 501 4510 oriuntur
517 4439 827 4516 comicosmice.
1082 4465 1166 4510 men
1183 4465 1306 4510 verum
1325 4453 1376 4510 est
1392 4439 1482 4525 illis,
1508 4443 1612 4513 nobis
1627 4465 1714 4512 nou.
1864 4451 1868 4458 ’

148 4541 208 4614 Vs.
223 4541 311 4618 205.
335 4543 497 4633 Arguta]
524 4541 684 4634 Hydram
703 4542 880 4633 intelligit.
1183 4543 1244 4614 Vs.
1259 4543 1346 4616 280.
1372 4539 1580 4644 sementem]
1606 4543 1782 4615 Sementis
1796 4546 1971 4638 significat
1987 4549 2071 4622 sim·

148 4644 208 4718 vs.
221 4647 310 4722 207.
335 4645 464 4738 Abydi]
491 4645 616 4730 idest,
636 4645 880 4739 Hellesponti,
906 4644 944 4714 id
966 4657 1031 4729 est,
1081 4645 1221 4739 pliciter
1234 4648 1349 4738 ipsam
1363 4647 1560 4732 sationem,
1585 4671 1660 4718 non
1677 4671 1811 4722 semen.

61 4741 139 4814 sicut
160 4749 279 4822 nautis
301 4773 393 4840 opus
417 4760 468 4818 est
492 4749 682 4822 observare
707 4763 806 4822 ortus
832 4762 868 4820 et
886 4771 1030 4822 occasus
1182 4750 1243 4822 Vs.
1258 4751 1345 4824 281.
1378 4746 1527 4849 ideireo]
1554 4751 1650 4835 Hoc,
1679 4753 1776 4846 quod
1801 4753 1983 4848 sequitur,
2017 4765 2070 4825 est

61 4843 222 4934 siderum,
247 4851 298 4922 sic
312 4851 412 4922 vobis
427 4849 591 4942 agricolis
606 4875 750 4944 quoque
768 4877 857 4944 opus
875 4864 938 4924 εει.
1083 4853 1202 4948 potius
1215 4849 1513 4946 geographicum,
1539 4877 1647 4947 quam
1665 4857 1958 4939 astronomicum,
1984 4854 2069 4950 quia

63 4945 225 5054 ostriferi]
251 4955 374 5037 idest,
400 4951 462 5022 ubi
477 4954 610 5022 multae
627 4951 784 5026 conchae
798 4967 893 5028 sunt.
1083 4971 1135 5030 εει
1150 4957 1341 5048 descriptio
1358 4970 1494 5040 terrae,
1521 4981 1596 5026 uon
1614 4957 1722 5037 coeli;
1750 4971 1871 5051 estque
1888 4959 2065 5027 decimum

149 5055 209 5126 Vs.
232 5057 321 5132 208.
362 5058 473 5128 Libra
492 5059 562 5128 diei
583 5056 634 5152 ὓ)]
674 5058 875 5151 Syneresis;
908 5070 1030 5153 estque
1083 5074 1250 5156 quartum
1268 5072 1508 5150 praeceptum.
1594 5055 1772 5158 Partibus]
1799 5060 1834 5128 id
1852 5071 1924 5143 εει,
1951 5059 2068 5154 gradi-

63 5149 238 5248 descriptio
261 5159 479 5254 aequinoctii
502 5157 741 5245 autumnalis,
774 5163 872 5256 quod
897 5163 936 5232 fit
956 5162 1031 5232 sole
1082 5164 1159 5235 bus.
1264 5156 1400 5258 oriem]
1424 5162 1548 5244 idest,
1576 5163 1784 5232 Zodiacum.
1913 5249 1916 5254 ,

1116 5347 1147 5416 1)
1166 5349 1285 5409 somn]
1304 5347 1345 5398 ste
1362 5345 1414 5398 Ed.
1434 5345 1526 5406 toene
1545 5344 1595 5395 Ed.
1615 5345 1752 5409 Wagner.
1771 5345 1885 5398 anua.

93 5419 209 5492 510111]
236 5427 277 5478 sle
295 5427 344 5478 111.
368 5427 442 5480 tots.
468 5431 493 5480 o.
508 5431 526 5482 1.
552 5429 579 5480 lo
604 5433 765 5495 comeut.;
790 5429 816 5482 lo
842 5433 919 5483 textu
937 5437 1030 5488 autern
1115 5431 1146 5498 7)
1168 5433 1268 5485 mittet
1287 5435 1308 5484 1.
1327 5445 1349 5482 ε.
1369 5431 1491 5490 Bootes]
1510 5427 1552 5479 sio
1576 5429 1625 5482 111.
1641 5429 1717 5482 1141.
1742 5427 1847 5496 (de.
1860 5431 2014 5497 wagner.)
2037 5431 2065 5486 ln

125 5493 170 5550 i=
179 5495 226 5546 111
240 5495 393 5561 Wagner.)
411 5499 467 5552 dte.
1151 5505 1246 5568 textn3
1269 5501 1299 5552 tn
1315 5501 1367 5552 loe
1383 5501 1475 5550 auten
1491 5501 1653 5552 corruent:
1674 5499 1778 5552 Bootis
1794 5501 1842 5552 111
1858 5501 1914 5554 1111
1931 5503 2027 5570 suna.

66 5563 231 5684 humera.
253 5581 359 5646 Oeen.
380 5581 465 5646 vor..
487 5583 578 5650 xlx.
1552 5567 1604 5642 21
