4782 6060
60 233 130 310 418
512 228 734 304 LXXXVIII.
785 227 1073 306 ENARRATIO
1106 225 1389 304 GEORGICON
1423 225 1631 302 VIRGILII.
2022 232 2100 310 414

154 401 218 476 Vs.
234 399 322 474 497.
349 398 482 504 meses]
496 403 591 476 Dick
609 407 684 476 und
699 405 769 492 let,
791 404 938 498 proprie
951 406 1049 500 quod
1204 401 1267 474 Vs·
1290 397 1377 478 642.
1412 397 1565 501 nauus]
1598 401 1683 498 quia
1708 425 1808 472 mare
1833 403 1930 473 elicit
1951 418 2097 480 mortua

62 531 123 578 nos
139 529 331 590 vocamus,
358 531 426 600 eyn
447 513 583 598 glatten
598 509 716 578 halck.
1104 529 1270 598 corpora.

156 607 218 680 Vs.
233 605 321 680 499.
349 606 543 709 Avertitur]
569 611 604 678 id
623 625 695 696 est,
721 622 927 694 aversatur,
951 607 1050 680 lasti·
1204 607 1265 680 Vs.
1282 603 1371 681 648.
1395 611 1440 680 la
1451 608 1615 702 flamina]
1642 606 1775 680 scilicet
1792 633 1834 678 ex
1850 610 1955 682 mari.

61 713 128 796 dit,
154 711 280 782 active.
1205 725 1266 800 Vs.
1283 724 1371 798 650.
1399 729 1540 822 aalma]
1567 727 1740 820 Magister
1755 726 1924 814 Achillis,
1950 743 1986 800 et
2010 729 2098 804 dici·

156 809 1050 914 γε·506·(2111111119111111991111191111191111111111·
1103 845 1163 902 tur
1179 831 1286 902 luisse
1303 831 1474 901 medicus.
1525 832 1685 926 Antiqua
1712 831 1875 902 doctrina
1899 857 2029 924 magna
2054 860 2097 906 ex

156 917 218 990 VS·
233 912 322 990 51⁰·
349 919 516 1012 Imm]
550 919 647 990 Vino
672 919 781 992 11111111
803 920 940 992 1111111111
966 943 1050 989 11111·
1102 948 1205 1027 parte
1225 935 1294 1004 suit
1324 934 1511 1028 inquisitio
1540 949 1710 1016 naturae,
1741 947 1777 1006 et
1799 934 1897 1006 Deus
1928 936 2097 1008 excitavit

61 1033 111 1090 111
131 1021 444 1112 111111111190111111·
1104 1041 1280 1132 quaedam
1300 1037 1506 1108 excellentia
1525 1038 1689 1130 ingenia,
1713 1061 1805 1133 quae
1830 1037 1896 1109 ista
1914 1051 2094 1110 monstra-

157 1123 220 1196 νδ·
235 1119 323 1196 515·
350 1128 435 1196 ΕΜ
450 1118 578 1222 Mem]
604 1123 660 1196 De
677 1125 801 1198 11111111·
1101 1153 1183 1210 rent
1197 1137 1424 1223 homiuibus,
1444 1141 1525 1212 talis
1539 1143 1608 1212 luit
1623 1137 1772 1212 Chiron.
1814 1139 1950 1212 Dicunt
1967 1153 2094 1214 natum

159 1241 222 1315 Vs.
236 1237 324 1319 622.
347 1239 624 1344 Portareteetra]
639 1245 733 1316 Puto
748 1245 843 1314 enim
858 1244 959 1340 loqui
974 1265 1050 1313 non
1103 1269 1176 1315 esse
1191 1269 1234 1314 ex
1247 1240 1416 1338 Philyra,
1437 1245 1597 1316 fortassis
1615 1245 1698 1338 quia
1716 1245 1754 1314 in
1770 1245 1880 1338 sylvis
1896 1245 1996 1318 vixit.

59 1347 100 1418 de
125 1347 256 1416 electro
274 1348 442 1431 metallo,
468 1351 528 1418 sed
549 1352 592 1418 de
611 1349 743 1420 electro
760 1349 918 1419 succino.
978 1345 1050 1415 Vo-
1203 1347 1265 1418 Vs.
1280 1345 1370 1423 662.
1394 1351 1532 1420 Pallida
1549 1347 1748 1440 Tisiphone]
1770 1347 1854 1442 qnia
1874 1343 2096 1420 hauddubie

59 1463 162 1519 catur
186 1461 305 1520 antem
330 1451 499 1522 electrum
517 1450 565 1546 ¹⁹)
587 1465 753 1545 agsteyn,
780 1453 864 1547 quia
885 1449 1050 1522 similitu·
1103 1451 1184 1522 illae
1215 1475 1341 1522 saevae
1373 1450 1595 1542 pestilentiae
1624 1463 1709 1522 sunt
1739 1451 1844 1522 llatus
1876 1451 2031 1536 diaboli,
2061 1464 2096 1522 et

57 1551 327 1635 dineimitatur
350 1553 519 1624 electrum
544 1555 749 1638 metallum,
775 1557 873 1649 quod
894 1554 1050 1624 estmix-
1103 1555 1191 1623 boni
1230 1554 1349 1644 angeli
1390 1556 1573 1648 depellunt
1613 1567 1649 1624 et
1692 1565 1814 1623 arcent
1854 1554 1936 1624 illos
1978 1556 2096 1626 llatus.

58 1667 136 1724 tum
153 1655 325 1749 quiddam
341 1679 385 1726 ex
399 1670 548 1748 argento
572 1671 608 1728 et
628 1681 731 1729 auro.
780 1657 921 1728 Deinde
945 1657 1050 1726 nolais
1106 1653 1306 1759 Tisiphone]
1336 1657 1373 1726 id
1399 1671 1469 1742 est,
1500 1657 1672 1728 ulciscens
1698 1659 1865 1740 caedem,
1900 1669 2095 1750 propterea

57 1769 144 1826 nota
163 1770 216 1828 est
239 1770 369 1829 natura
392 1761 512 1831 electri
528 1759 682 1846 succini,
709 1761 880 1832 adversus
893 1783 1051 1856 paroxy·
1103 1763 1200 1855 quod
1237 1757 1436 1831 homicidas
1478 1783 1616 1852 poenae
1650 1759 1823 1830 divinitus
1856 1761 2095 1831 comitantur:

58 1884 153 1932 amos
170 1860 377 1954 epilepticos
396 1876 449 1935 est
464 1865 570 1934 valde
594 1865 731 1935 bonum
757 1867 958 1936 remedium
969 1883 986 1948 ,⁸
1015 1875 1051 1932 et
1103 1865 1185 1936 ideo
1202 1864 1252 1934 sic
1277 1877 1428 1934 vocatur
1450 1862 1557 1934 suria.
1608 1860 1729 1934 Altera
1754 1865 2098 1955 vocaturMepoero,

59 1963 205 2054 prodest
242 1987 388 2061 quoque
428 1967 468 2036 in
508 1979 629 2059 partu.
704 1967 844 2038 Plinius
884 1967 972 2038 dicit
1011 1965 1051 2036 in
1102 1967 1227 2050 idest,
1253 1966 1407 2050 invidia,
1428 1965 1648 2055 indignati03
1680 1964 1787 2035 tertia
1804 1965 1940 2049 Alecto,
1971 1965 2096 2054 idest,

58 2065 197 2136 Baltico
212 2065 295 2138 sinu
313 2093 387 2140 esse
412 2069 621 2154 collectum,
648 2081 787 2142 veteres
801 2071 932 2142 Graeci
955 2069 1051 2141 dixe·
1102 2095 1177 2140 non
1196 2069 1381 2152 desinens,
1403 2069 1553 2164 quiailli
1570 2068 1747 2139 cruciatus
1765 2067 2002 2140 conscientiae
2018 2093 2094 2140 non

59 2181 161 2252 tunt,
188 2170 369 2242 destillare
393 2195 436 2244 ex
459 2173 649 2246 arboribus
671 2173 765 2243 circa
788 2173 950 2260 Padum,
988 2173 1051 2245 sed
1104 2175 1285 2244 desinunt.
1337 2167 1538 2264 Tisiphone
1555 2183 1727 2242 estcausa
1745 2171 1879 2252 finalis3
1913 2170 2096 2263 Megaera,

59 2273 188 2365 passim
205 2273 376 2347 nascitur.
924 2319 930 2344 .
1104 2301 1208 2348 causa
1226 2275 1408 2358 formalis,
1433 2275 1467 2346 id
1484 2287 1555 2360 est,
1571 2275 1647 2367 ipse
1663 2273 1786 2356 dolon
1813 2275 1937 2346 Alecto
1954 2277 2097 2362 modus,

158 2390 221 2465 Vs.
235 2387 324 2469 626.
349 2401 430 2469 Non
452 2391 626 2495 Moerico]
651 2396 782 2480 idest,
817 2419 921 2468 causa
944 2391 1051 2470 huius
1104 2379 1429 2475 ἱΡ111111111911111118·

58 2519 131 2567 non
159 2509 214 2568 est
237 2497 536 2592 intemperantia,
575 2515 617 2568 ut
641 2499 680 2570 in
702 2497 839 2570 morbis
860 2493 1049 2571 hominum
1202 2496 1266 2569 Vs.
1289 2491 1377 2569 666.
1424 2501 1563 2596 Iamque
1600 2496 1815 2590 eumaem]
1856 2493 1904 2567 Es
1945 2499 2096 2570 werden

58 2623 162 2693 saepe
179 2599 300 2669 morbi
315 2598 450 2672 habent
468 2603 624 2674 occultas
642 2627 779 2673 causas.
1009 2615 1015 2626 ‘
1103 2625 1224 2696 grosse
1239 2601 1372 2670 cumuli
1390 2603 1620 2671 cadaverum.

158 2699 222 2773 Vs.
237 2699 325 2778 632.
353 2707 546 2799 Quaesitae]
572 2704 608 2772 id
625 2718 696 2788 est,
723 2705 942 2775 desideratas
964 2727 1051 2776 esse.
1206 2702 1267 2776 Vs.
1283 2699 1372 2776 669.
1388 2704 1518 2796 cortis]
1534 2703 1649 2787 idest,
1674 2701 1762 2773 Man
1778 2702 1869 2772 kans
1881 2699 1980 2771 leder
1995 2693 2096 2775 nicht

160 2803 223 2878 Vs.
239 2801 327 2880 634.
348 2802 506 2907 Ilaetre'e]
532 2810 655 2894 idest,
681 2808 873 2902 ligonibus.
1104 2803 1354 2902 gebrauchen,
1384 2809 1458 2878 und
1477 2809 1534 2878 die
1549 2809 1723 2878 cadavera
1740 2801 1925 2878 schinden.

157 2907 221 2980 Vs.
238 2907 325 2983 557.
351 2916 431 2986 Noa
446 2905 561 3010 lapus]
583 2911 619 2981 id
637 2923 702 2996 est,
718 2913 804 3005 lupo
824 2912 936 2994 deest,
953 2910 1051 3004 quod
1203 2902 1265 3000 Vs.
1281 2923 1366 3000 664.
1389 2921 1555 3026 Palalce]
1583 2927 1620 2998 id
1645 2939 1715 3011 est,
1751 2923 1946 3010 tuberculi‚
1971 2923 2009 2996 id
2031 2935 2096 3014 est,

61 3025 220 3085 venetur·
1104 3032 1271 3122 contagio
1288 3026 1453 3103 homines
1473 3056 1617 3128 quoque
1639 3029 1860 3101 inficiuntur.

158 3130 220 3204 Vs.
238 3127 325 3206 640.
356 3127 549 3234 Vocantur]
576 3131 701 3220 idest,
726 3158 802 3204 non
823 3147 975 3228 possunt
998 3134 1053 3203 su·
1205 3147 1266 3220 v„
1283 3143 1370 3222 566,
1392 3152 1501 3222 sam
1521 3143 1631 3250 aym]
1657 3146 1715 3219 sie
1737 3147 1886 3239 kriegen
1907 3156 2008 3217 sance
2022 3139 2096 3214 An.

63 3257 139 3324 8111
154 3234 321 3330 impediti
338 3240 480 3312 morbo.
1106 3251 1198 3322 tonii
1217 3253 1317 3337 leur,
1360 3277 1471 3347 quam
1502 3255 1609 3326 credo
1639 3276 1721 3324 eum
1750 3249 1939 3341 complecti
1971 3270 2097 3319 omnes

65 3413 267 3426 ......-..
1105 3355 1420 3428 inflammationes.

94 3505 140 3576 te)
159 3507 309 3582 eam]
327 3509 378 3564 η
398 3509 474 3566 tote.
493 3509 621 3565 affl,
793 3537 800 3550 ,
1206 3471 1283 3546 Iam
1297 3475 1461 3574 sequitur
1475 3477 1627 3548 materia
1642 3475 1846 3550 iucundior.

647 3714 698 3786 In
729 3717 897 3788 librum
920 3713 981 3789 IV.
1004 3715 1266 3810 Georgicon
1300 3713 1507 3808 Virgilii.

157 3889 322 3983 Quartus
341 3887 432 3958 liber
462 3883 571 3960 habet
597 3887 874 3982 descriptionem
896 3903 1048 3964 naturae
1102 3887 1188 3985 quia
1212 3885 1358 3973 omnia,
1392 3887 1431 3956 in
1453 3885 1583 3981 quibus
1605 3885 1739 3958 eminet
1760 3883 1933 3969 dulcedo,
1967 3881 2005 3951 in
2027 3879 2098 3951 illis

64 4011 185 4082 apum,
226 3991 270 4064 in
301 4015 374 4087 quo
398 4003 452 4062 est
473 3991 641 4084 inprimis
670 3992 810 4086 elegans
835 4005 871 4064 et
902 3993 1050 4066 mirabi·
1102 3993 1263 4062 abundat
1276 3989 1371 4064 aeria
1383 3986 1591 4061 humiditas.
1617 3989 1717 4062 Sicut
1732 3988 1830 4072 vina,
1845 3981 2098 4081 quosuntdul·

63 4091 100 4163 lis
113 4097 332 4188 proprietas.
379 4093 473 4167 Nam
492 4095 576 4190 quia
591 4095 819 4191 persequitur
833 4097 927 4190 idem
944 4121 1051 4190 argu·
1103 4095 1215 4182 clota,
1227 4109 1312 4167 eunt
1327 4091 1566 4186 magisatria:
1582 4093 1630 4161 ita
1648 4091 1765 4162 mellis
1779 4101 1907 4160 natura
1925 4082 2098 4158 estaeria.

62 4212 237 4286 mentum,
267 4197 525 4292 descriptiones
545 4213 630 4272 sunt
655 4199 915 4286 accuratiores,
940 4225 1049 4297 quam
1102 4199 1150 4272 Et
1166 4201 1313 4295 quando
1331 4199 1411 4294 quis
1427 4195 1580 4268 nimium
1602 4195 1694 4277 edit,
1717 4205 1803 4263 tunc
1819 4189 2002 4262 celerrime
2018 4209 2099 4260 ver·

62 4297 96 4368 in
117 4301 368 4395 superioribus
396 4301 524 4390 libris,
567 4303 607 4374 in
630 4303 761 4400 quibus
784 4303 914 4377 videtis
937 4303 1051 4376 multa
1104 4303 1193 4374 titur
1220 4301 1259 4374 in
1290 4301 1422 4386 bilem,
1462 4299 1555 4373 sieut
1584 4321 1646 4368 aer
1673 4292 1859 4366 celerrime
1882 4291 2035 4363 vertitur
2058 4289 2099 4360 in

65 4425 132 4474 esse
152 4407 323 4500 abrupta.
375 4404 446 4478 Sed
468 4399 537 4476 hoc
557 4420 809 4500 argumentum
834 4406 949 4500 magis
971 4431 1052 4502 per·
1104 4407 1237 4500 ignem.
1278 4405 1372 4502 Quia
1386 4401 1469 4477 bilis
1482 4415 1536 4474 est
1552 4399 1679 4494 igneae
1694 4409 1858 4482 naturae,
1874 4395 1946 4466 mel
1959 4393 2098 4470 aeriae:

66 4507 163 4594 texit,
189 4523 318 4605 postea
341 4505 481 4582 habetis
496 4504 554 4580 hic
574 4513 770 4584 multarum
786 4534 910 4584 cerum
930 4511 1053 4605 appel·
1104 4511 1187 4582 ideo
1210 4509 1250 4579 in
1270 4509 1412 4601 igneam
1437 4505 1645 4603 qualitatem
1668 4497 1789 4575 statim
1810 4499 1977 4572 vertitur.

65 4605 230 4700 lotiones,
264 4625 306 4686 ut
326 4613 556 4706 plantarum,
588 4614 828 4700 insectorum,
854 4627 922 4686 etc.
988 4613 1052 4684 Di·
1206 4629 1267 4702 V„
1287 4627 1324 4702 4,
1350 4629 1658 4721 mmmmm
1673 4615 1789 4720 ἀμφι]
1813 4614 2100 4694 Pulchtatrane·

66 4727 188 4787 cuntur
219 4729 341 4788 autem
372 4716 527 4802 intecta,
570 4743 663 4813 quae
688 4743 765 4790 non
790 4715 926 4790 habent
946 4719 1054 4803 colla,
1105 4733 1207 4806 1250,
1259 4725 1895 4823 Tramtulstappellafioneepolime
1918 4735 1955 4794 ee
1978 4720 2100 4814 reipu-

68 4813 193 4890 Graece
217 4811 440 4920 ἐγκόμματα
455 4819 487 4916 ¹)
509 4820 547 4890 id
570 4833 644 4906 est,
671 4821 807 4906 incisa,
833 4823 923 4894 alias
939 4847 1054 4894 annu·
1106 4837 1221 4910 blicae
1236 4839 1282 4906 ad
1299 4859 1395 4929 ape„
1447 4831 1496 4904 Ee
1512 4831 1675 4924 prolecto
1690 4829 1819 4922 apibus
1840 4837 1925 4900 sunt
1947 4825 2100 4916 impres·

67 4916 1055 5022 11111.1110911111111111111111111010110.1111111111
1106 4965 1167 5014 sae
1184 4939 1359 5034 imagines
1381 4935 1578 5007 multarum
1602 4933 1791 5006 virtutum.
1842 4927 2007 5002 Primum
2035 4920 2100 4995 ha·

68 5039 143 5095 sunt
157 5024 326 5098 distincta
346 5027 505 5111 annulo,
523 5051 603 5100 cum
619 5051 694 5098 non
711 5025 870 5102 habeant
882 5029 1028 5106 collum.
1106 5047 1194 5116 bene
1215 5041 1468 5136 prudentiam,
1505 5038 1590 5134 quia
1615 5031 1752 5108 hahent
1775 5057 1917 5128 regem,
1950 5029 2008 5100 cui
2034 5029 2099 5099 ob·

160 5126 224 5202 Vs.
243 5131 279 5202 l·
305 5123 487 5228 1911111111]
511 5129 739 5224 Ρ1οΡ1111110.
770 5131 955 5206 (1111111111
978 5133 1055 5228 tpi-
1106 5159 1330 5240 temperant,
1354 5141 1545 5214 aedificant
1559 5137 1818 5221 domunculae,
1840 5133 1978 5206 iaciunt
1992 5128 2099 5202 hera·

68 5225 128 5302 5¹¹⁸
142 5246 177 5303 0²
191 5235 235 5302 de
252 5231 370 5308 111191·
431 5237 537 5308 Ml
551 5228 677 5333 11114111]
692 5233 765 5306 Mel
782 5237 922 5312 1111111111
938 5249 1056 5324 110111.
1108 5272 1222 5344 gonoe
1238 5249 1288 5320 ita
1304 5247 1473 5330 directos,
1492 5257 1535 5318 nt
1550 5267 1660 5315 nemo
1674 5241 1789 5335 possit
1802 5239 1918 5310 lacere
1932 5231 2100 5306 directio-

72 5385 276 5406 “·“·--··
1108 5377 1187 5438 res,
1213 5352 1363 5424 mittunt
1388 5361 1524 5419 certam
1548 5342 1735 5420 cohortem
1757 5344 1805 5413 ad
1826 5339 1983 5434 agendas
1996 5357 2101 5408 eren·

100 5485 128 5554 ¹)
144 5485 328 5560 Mem]
342 5493 393 5548 tt
408 5493 487 5548 tut.
505 5491 594 5546 ntea
611 5485 766 5562 etatem
1109 5455 1210 5542 biae,
1233 5467 1302 5529 etc.
1360 5450 1500 5524 Deinde
1523 5446 1660 5524 habent
1678 5445 1874 5530 iustitiam,
1899 5440 1983 5540 quia
2008 5435 2101 5512 sedi·
