4800 6054
53 261 126 344 sta

53 435 277 508 etiamonovi
305 437 484 530 quendam
510 435 766 527 impostorem,
807 431 872 529 qui
896 443 1039 522 accepta

52 538 187 632 ingenti
214 539 365 631 pecunia
397 539 482 607 olim
510 549 738 630 persuaserat
763 536 916 618 Carolo,
956 533 1040 605 Gel-

51 647 148 716 driae
172 643 275 726 duci,
310 641 411 713 senio
434 644 595 712 confecto
619 665 656 711 se
678 651 979 733 praeparaturum
1006 635 1040 705 ei

50 771 176 818 auream
193 746 370 839 potabile,
397 770 469 839 quo
485 744 533 816 ita
550 755 790 826 recrearetur,
817 742 876 812 vix
894 753 935 810 ut
949 761 1039 834 qua-

48 850 283 941 dragenarius
298 850 495 920 videretur.
546 846 644 917 llaec
666 857 750 918 sunt
770 843 899 922 similia
923 855 958 912 et
979 864 1039 911 co-

49 965 154 1045 gnata
176 949 259 1022 huic
283 951 426 1022 fabulae
449 953 493 1021 de
511 949 650 1020 Aesone
677 961 799 1034 cocto,
826 961 861 1017 et
884 947 923 1015 in
940 947 1039 1016 iuve-

47 1081 128 1125 nem
145 1057 323 1126 restituto.
374 1053 511 1126 Ferunt
525 1068 642 1124 autem
660 1053 826 1122 Medeam
844 1049 1037 1122 instituisse

48 1163 225 1254 quaedam
250 1157 438 1242 exercitia,
479 1157 607 1252 quibus
629 1157 751 1228 mollia
776 1169 812 1226 et
833 1155 1037 1226 effeminata

359 259 450 336 xor.
501 259 787 336 nnannarto
818 258 951 332 crum
977 221 1054 332 vn.
1089 257 1566 354 unrauonrnosaon
1601 258 1762 336 ovrnn.

2011 263 2091 342 ⁵74

1093 457 1239 518 omnes,
1263 459 1352 528 quas
1369 432 1521 506 Ovidius
1538 429 1596 504 hic
1613 433 1729 504 obiter
1744 433 1888 526 attingit
1904 435 1942 506 in
1960 439 2091 510 descri-

1093 537 1208 606 benda
1226 535 1376 608 Medeae
1392 539 1475 631 fuga
1493 539 1538 608 ad
1553 539 1736 629 Aegeum,
1763 563 1882 634 neque
1898 541 2062 633 explicat.

1233 742 1486 818 Telchines
1520 771 1539 814 a
1574 742 1681 816 love
1716 749 1956 844 submersi.

1142 895 1202 967 Vs.
1219 895 1306 970 565.
1340 902 1594 1073 Phoebeampue
1615 901 1756 972 Rhodon
1782 913 1812 972 et
1834 903 1982 993 Ialysios
2009 907 2087 975 Tel-

1510 1028 1529 1073 e
1553 1029 1642 1073 sarrs.

1191 1133 1310 1231 lalysii
1352 1152 1503 1231 propter
1541 1140 1715 1232 insignem
1756 1141 2024 1232 improbitatem
2066 1169 2085 1214 a

46 1287 200 1355 corpora
226 1265 464 1334 redderemur
494 1274 617 1354 ,egeln
652 1273 687 1332 ει
713 1262 874 1330 robusta,
945 1255 1039 1326 Hinc
1090 1237 1238 1310 Graecis
1261 1243 1507 1332 cognominati
1532 1257 1615 1316 sunt
1638 1239 1846 1328 Telchines,
1882 1245 1973 1314 sicut
1998 1248 2085 1318 ‚olim

44 1368 140 1436 fama
164 1379 236 1450 esp,
267 1365 406 1438 effodis
433 1364 645 1457 torporibus
669 1377 822 1433 ,etatem
847 1362 1036 1432 florentem
1089 1339 1128 1408 in
1150 1340 1272 1414 littore
1287 1342 1410 1447 Italico
1436 1346 1520 1414 dicti
1544 1361 1628 1418 sunt
1653 1375 1671 1416 a
1699 1347 1897 1418 latrociniis
1920 1347 2088 1445 Laestry-

43 1469 260 1549 restituissc;
301 1493 521 1565 quamquam
547 1480 583 1538 et
604 1467 772 1538 credibile
796 1480 847 1538 est
870 1465 1036 1534 Medeam
1089 1469 1210 1564 8⁰⁰5&
1261 1446 1447 1568 {⁰⁶³⁰le
1469 1449 1564 1519 ‘ssim
1587 1445 1778 1522 T⁰l⁰hl¹¹⁰⁵
1800 1454 1896 1543 ‘'ll’nd
1919 1450 2088 1544 Gf³⁹⁰⁰⁵s

41 1572 183 1644 salubri
200 1572 463 1642 medicamento
479 1595 691 1664 prorogasse
716 1571 826 1638 ,stam
842 1567 978 1638 Aesoni
999 1567 1038 1635 jn
1091 1551 1331 1678 rnalrxGenn,
1356 1577 1419 1646 qur
1438 1548 1604 1624 homines
1628 1554 1765 1624 illectos
1788 1555 2088 1640 circumveniunt,

39 1677 184 1768 perdita
211 1675 416 1746 valetudine
446 1676 644 1768 affectaque
672 1686 807 1755 aetate;
847 1672 916 1744 fuit
941 1670 1036 1741 enim
1090 1650 1257 1749 7111011ῖό
1278 1653 1447 1754 &Elymi
1482 1660 1580 1751 q¹¹⁰d
1608 1671 1660 1728 ⁸⁵²
1688 1659 1902 1728 demulcere·
1970 1657 2087 1729 Erant

41 1779 119 1872 ipsa
139 1776 332 1850 herbarum
351 1792 386 1848 et
399 1778 486 1850 artis
503 1779 662 1848 medicae
679 1777 806 1870 perita.

355 1981 527 2056 Caedes
558 1984 728 2056 Peliae.

93 2122 172 2194 Vss.
196 2119 273 2194 804
294 2147 347 2216 sq.
391 2126 479 2212 Spes
511 2133 561 2194 est
593 2125 786 2216 cirpiaibus
815 2123 914 2192 Pelio
941 2123 1039 2211 prai-

466 2237 540 2298 tore
554 2224 601 2318 ⁸¹)
629 2229 753 2297 creatis

90 2335 181 2401 Arte
195 2353 294 2400 suum
306 2331 415 2420 parili
431 2335 637 2401 reuirescere
650 2351 746 2418 posse
759 2338 948 2417 parentem.

146 2449 244 2518 llaec
259 2449 400 2530 fabula,
428 2449 734 2542 quemadmodum
750 2450 854 2516 docet
866 2445 1038 2516 Erasmus

41 2553 331 2634 Roterodamus,
365 2574 442 2620 non
465 2549 714 2644 intempestive
736 2551 879 2619 narrari
909 2560 1038 2641 potest,

39 2657 102 2724 ubi
124 2655 205 2748 quis
218 2653 304 2724 falsa
323 2675 385 2745 spe
403 2656 548 2737 ductus,
575 2678 649 2724 non
671 2653 787 2724 solum
813 2651 957 2722 inanem
980 2677 1038 2724 su·

40 2761 108 2827 mit
128 2780 297 2846 operam,
325 2759 510 2828 sedetiam
528 2759 724 2828 maximum
744 2759 915 2825 damnum
936 2755 1037 2835 facit;

41 2859 194 2954 perinde
208 2883 249 2927 ac
266 2859 296 2930 si
316 2861 396 2955 quis
422 2874 556 2944 artem,
590 2887 698 2956 quam
720 2873 852 2930 vocant
864 2855 1038 2931 Alchimi-

43 2989 135 3048 carn,
154 2975 329 3032 exerceat.
356 2965 450 3034 Nam
462 2964 573 3034 veluti
584 2965 705 3034 Peliae
716 2963 809 3055 regis
822 2963 915 3034 filiae
931 2962 1038 3034 aMe-

44 3069 106 3136 dea
134 3089 325 3158 persuasae
352 3080 512 3159 patrem,
553 3069 638 3137 dum
664 3069 809 3138 student
834 3070 879 3137 ad
912 3068 1038 3139 iuven-

45 3182 116 3239 tam
144 3193 335 3252 revocare,
361 3171 468 3240 lebeti
494 3171 646 3241 ferventi
673 3171 884 3262 impositum
908 3183 1039 3242 necant

46 3297 82 3342 ac
105 3275 283 3364 perdunt:
311 3273 360 3342 ita
380 3275 440 3344 ille
454 3275 499 3342 ab
514 3275 773 3366 impostoribus
796 3298 986 3365 persuasus
1003 3286 1038 3344 et

47 3389 120 3445 arte
146 3377 279 3462 fretus,
314 3379 399 3448 dum
432 3378 501 3448 sihi
532 3379 713 3468 promittit
741 3379 922 3462 futurum,
954 3391 1037 3448 ute

47 3491 174 3548 stanno
198 3480 260 3548 fiat
283 3495 491 3571 argentum,
512 3495 550 3552 et
575 3507 617 3552 ex
639 3505 721 3551 aere
746 3505 892 3565 aurum,
921 3481 1039 3573 perdit

50 3605 190 3652 omnem
208 3605 356 3675 operam
376 3599 411 3654 et
428 3609 532 3678 opes,
561 3611 650 3680 quas
667 3585 855 3677 impendit.

225 3787 474 3864 Cerambus
505 3793 549 3861 in
584 3793 862 3863 scarabeum.

96 3923 174 3996 Vss.
199 3921 287 3997 864.
313 3921 400 3998 356.
441 3931 510 4000 Hic
540 3951 598 4018 ope
620 3931 857 4018 Nympharum
889 3933 1040 4002 stellatur

457 4036 495 4102 iu
509 4057 591 4103 uero
604 4039 728 4123 pesinis
736 4085 749 4118 ‚

97 4136 349 4206 Deucalioneae
362 4133 478 4226 effupit
496 4137 672 4206 inobrutus
689 4141 809 4206 undas.

149 4269 322 4366 Quisquis
348 4265 406 4340 hic
438 4272 507 4342 fuit
541 4271 756 4358 Cerambus,
803 4273 949 4363 tingitur
983 4271 1041 4366 (ut

55 4373 197 4470 opinor)
225 4374 502 4448 transformatus
519 4388 668 4468 propter
684 4377 955 4448 similitudinem
975 4401 1039 4446 no·
1094 4431 1104 4448 .

54 4477 154 4550 minis
178 4479 216 4548 in
238 4479 469 4562 scarabeum,
505 4505 610 4575 quem
629 4481 757 4552 Graeci
778 4505 842 4574 per
859 4479 1041 4574 ὀνοματο-

55 4579 175 4656 aos'fov
200 4593 331 4652 vocant
351 4577 566 4680 κίραμβον,
600 4585 702 4681 quasi
728 4581 867 4682 κέρατα
894 4583 1039 4678 ἔχοντα,

57 4704 182 4757 cornua
205 4681 410 4764 habentem.
463 4687 582 4758 Habet
598 4691 693 4758 enim
719 4691 908 4760 scarabeus
933 4689 1040 4780 longa

57 4797 87 4854 et
108 4813 248 4860 ramosa
278 4815 425 4862 cornua.
485 4791 559 4864 Cur
583 4815 669 4862 vero
696 4794 851 4884 fingatur
878 4805 1041 4885 tempore

58 4888 174 4962 diluvii
197 4895 326 4986 pennis
356 4907 529 4990 tauquam
554 4896 644 4966 alter
673 4896 832 4988 Pegasus
860 4898 899 4966 iu
927 4899 1040 4966 altum

58 4995 207 5068 sublatus
230 5009 266 5068 et
285 5013 516 5070 conservatus
545 4995 779 5095 aNymphis‚
811 5000 847 5070 id
874 4999 1042 5096 relinquo

60 5097 174 5171 otiosis
189 5101 342 5194 ingeniis
359 5102 628 5197 inquirendum.
681 5104 746 5176 Est
767 5103 862 5174 enim
890 5105 1041 5176 obscura

61 5209 91 5264 ct
109 5201 273 5292 ignobilis
292 5207 434 5294 fabula,
476 5209 599 5304 quales
622 5221 707 5280 sunt
731 5220 766 5278 et
787 5221 948 5280 caeterae
969 5210 1043 5280 fere

65 5357 224 5378 Q,—
232 5371 256 5378 --

92 5441 136 5506 81)
159 5443 304 5568 pppct‘tore]
334 5445 374 5496 stc
401 5446 486 5500 1111111.
506 5447 600 5514 tutu,
639 5447 729 5512 tutta
756 5447 837 5502 ortt.
863 5449 913 5502 Ed.
932 5447 1043 5506 uruca.

123 5529 155 5564 ru
231 5531 259 5568 a.

1091 1770 1210 1825 autem
1234 1753 1376 1852 lalysii,
1411 1773 1452 1829 nt
1466 1757 1651 1832 Diodorus
1676 1759 1820 1844 scribit,
1853 1761 2087 1834 fascinatores

1092 1871 1126 1928 et
1146 1860 1318 1948 malefici,
1357 1862 1419 1957 qui
1449 1863 1582 1946 nubes,
1625 1865 1777 1949 imbres,
1817 1863 2028 1955 grandinem
2052 1876 2088 1935 et

1053 2009 1058 2018 ·
1091 1963 1210 2032 nivem
1229 1965 1448 2034 inducebant
1470 1969 1516 2036 ad
1543 1967 1764 2036 afferendam
1789 1967 1916 2038 vicinis
1941 1968 2087 2036 calami-

1093 2078 1226 2151 tatem,
1266 2082 1417 2162 propter
1450 2097 1556 2164 quam
1595 2071 1864 2164 improbitatem
1893 2073 1988 2142 iusto
2015 2069 2085 2142 Dei

1092 2167 1225 2239 iudicio
1251 2175 1396 2242 tandem
1421 2173 1541 2263 puniti
1565 2187 1659 2244 sunt.
1728 2173 1820 2245 Nam
1847 2170 2003 2269 Ialysus,
2030 2175 2083 2242 in·

1091 2272 1188 2342 sulae
1209 2269 1332 2344 Rhodi
1352 2278 1459 2362 urbs,
1483 2277 1521 2346 in
1547 2303 1618 2370 qua
1639 2273 1870 2361 habitabant,
1901 2279 2084 2349 submersa

1091 2386 1143 2443 est
1161 2377 1397 2447 inundatione
1416 2380 1525 2451 maris
1541 2379 1601 2477 u).
1826 2373 1829 2380 ¹

1265 2562 1495 2637 Corinthii
1532 2594 1582 2638 ex
1615 2569 1768 2662 fungis
1803 2570 1912 2640 nati.

1140 2703 1201 2774 Vs.
1225 2701 1311 2774 ³93.
1356 2707 1505 2794 corpora
1540 2708 1722 2830 uulpurual
1754 2707 1960 2797 pluuiulibur
1994 2709 2085 2776 ediles

1519 2833 1563 2877 ua
1589 2835 1628 2879 ss.

1192 2928 1298 3018 Apud
1316 2806 1532 2998 Corinthuh
1555 2833 1753 3023 futiqrritos
1778 2925 1942 2998 homines
1965 2929 2086 2997 ferun·

1090 3042 1149 3098 tur
1165 3054 1207 3098 ex
1220 3031 1339 3123 fungis
1356 3033 1452 3115 nati,
1469 3031 1515 3101 ob
1532 3031 1737 3124 primaevos
1753 3033 1888 3102 incolas
1906 3031 2000 3102 illius
2015 3027 2087 3099 loci

1090 3133 1218 3203 stultos
1231 3131 1279 3229 ⁸⁸)
1298 3147 1333 3204 ct
1347 3137 1484 3216 fatu0s;
1512 3160 1596 3204 nam
1616 3137 1716 3228 fungi
1742 3133 1936 3228 proverbio
1962 3134 2086 3203 dicun·

1090 3249 1149 3306 tur
1164 3237 1286 3310 stolidi
1302 3251 1335 3308 et
1352 3238 1462 3310 stulti.

1199 3424 1375 3500 lasonis
1410 3440 1454 3496 et
1480 3423 1667 3497 Medeae
1701 3427 1973 3498 divortium.

1141 3567 1220 3638 Vss.
1237 3561 1313 3638 395
1334 3592 1387 3662 sq.
1415 3567 1699 3660 Mapruatempue
1722 3571 1856 3636 domum
1883 3568 1973 3656 repis
1998 3563 2086 3634 mate

1503 3673 1606 3752 uidit,
1633 3681 1771 3764 utroque
1787 3668 1834 3758 ⁸⁴)

1144 3776 1322 3862 Suapuine
1336 3783 1493 3844 autorum
1504 3771 1724 3862 perfunditur
1738 3777 1863 3864 impius
1878 3775 1982 3845 ensis.

1193 3909 1329 3982 lasonis
1345 3925 1380 3980 et
1396 3909 1544 3980 Medeae
1560 3912 1768 3994 divortium,
1786 3934 1984 4006 eorumque
2000 3911 2086 3978 libe-

1092 4040 1217 4087 rorum
1248 4013 1357 4084 tristis
1389 4039 1430 4084 ac
1461 4014 1673 4084 miserabilis
1703 4013 1889 4095 interitus,
1931 4011 2088 4082 ostendit

1093 4119 1293 4200 connubia,
1335 4143 1427 4210 quae
1451 4118 1575 4188 invitis
1607 4117 1662 4186 vel
1699 4116 1848 4186 desertis
1876 4115 2088 4207 parentibus

1093 4224 1285 4306 ineuntur,
1312 4245 1388 4290 non
1414 4246 1488 4294 esse
1514 4223 1614 4290 farma
1640 4232 1675 4288 et
1700 4217 1826 4289 felicia.
1889 4219 2086 4310 Postquam

1093 4327 1189 4398 enim
1210 4337 1328 4396 aestus
1346 4327 1480 4398 amoris
1497 4323 1694 4406 deferbuit,
1721 4345 1824 4392 amor
1841 4321 1878 4390 in
1902 4321 2026 4391 odium
2051 4331 2100 4390 et·

1093 4455 1183 4500 rram
1203 4429 1446 4500 convertitur:
1481 4429 1576 4500 uode
1594 4438 1715 4521 postea
1734 4449 1886 4517 magnae
1905 4423 2088 4494 calamita-

1093 4547 1145 4606 tes
1173 4533 1339 4604 cxistunt.
1391 4531 1502 4602 Facto
1525 4544 1588 4602 aaut
1612 4530 1769 4603 divortio
1789 4526 1895 4601 lason
1922 4525 2088 4598 Creontis

1092 4638 1202 4709 filiam
1233 4636 1353 4720 duxit,
1392 4661 1502 4731 quam
1533 4635 1702 4706 iniuriam
1736 4633 1863 4704 Medea
1896 4631 2089 4704 crudeliter

1093 4743 1190 4826 ulta,
1217 4765 1292 4812 non
1316 4739 1432 4814 solum
1459 4740 1569 4810 filiam
1591 4737 1758 4810 Creontis
1779 4737 1947 4808 incendio
1969 4732 2090 4828 perdi·

1094 4847 1166 4932 dit,
1201 4847 1264 4918 sed
1295 4843 1402 4915 etiam
1434 4869 1518 4916 suos
1551 4842 1702 4935 ipsamet
1732 4842 1864 4913 liberos
1895 4835 2088 4928 iugulavit:

1095 4953 1186 5022 adeo
1203 4951 1276 5034 ira,
1303 4973 1407 5020 amor
1426 4960 1461 5018 et
1478 4947 1671 5018 crudelitas
1689 4946 1726 5014 in
1742 4969 1781 5016 ea
1800 4951 2019 5014 exarserant.

1096 5133 1300 5150 ——n———o-

1129 5245 1179 5314 02)
1197 5243 1278 5299 Cous.
1296 5243 1376 5298 Diod.
1395 5241 1447 5294 ste.
1468 5241 1596 5294 atatam.
1610 5239 1647 5304 V,
1663 5240 1707 5292 16,

1129 5347 1180 5418 8³)
1197 5349 1315 5410 stultos]
1334 5347 1376 5399 ste
1391 5347 1480 5400 utta.
1500 5347 1596 5412 labbe
1613 5345 1757 5400 11111111.
1775 5343 1892 5396 stultos.

1134 5450 1186 5515 81)
1208 5453 1286 5504 nale
1309 5444 1403 5516 cidit,
1426 5451 1569 5515 utrum]
1594 5449 1636 5500 sle
1659 5449 1744 5502 Mitt.
1767 5447 1861 5514 tus,
1886 5445 1980 5510 isse
2010 5439 2090 5496 oete.

1166 5521 1344 5576 ῑ1.11111ο1.
1364 5533 1447 5574 nors
1464 5521 1540 5574 etds't
1559 5521 1722 5586 utrunque.
