4710 6066
313 217 388 292 871
897 209 1021 286 effla.
1055 211 1168 288 MEL.
1201 211 1405 293 SCRIPTA
1435 213 1773 294 anonoatcn.
2236 233 2275 309 m

417 385 478 458 Vs.
494 387 581 462 282.
609 377 736 480 nepte]
768 381 890 466 idest,
916 397 1104 478 propterea
1135 387 1303 460 distribu-
1355 413 1439 460 nem
1464 385 1669 484 physicam,
1696 404 1737 462 ut
1761 391 1913 484 septimo
1937 392 1992 462 die
2021 396 2083 464 hat
2107 395 2207 481 crisis,
2230 405 2276 494 qrb

317 503 375 560 tae
399 499 482 559 sum
508 489 600 560 vices
622 500 656 557 et
675 511 796 557 rursus
812 485 967 555 ordinati
983 489 1067 562 solis
1087 501 1122 558 et
1147 491 1305 586 reliquo·
1355 505 1441 562 tunc
1469 495 1678 586 ppervenit
1695 494 1733 562 in
1749 495 1965 564 contrarium
1981 495 2137 586 siguum,
2158 513 2191 566 ιιι
2208 525 2278 570 um

317 617 398 662 rum
428 592 607 674 siderum,
650 601 916 680 attemperant
951 591 1054 662 nobis
1085 615 1224 678 aerem,
1264 606 1305 664 ut
1355 595 1407 688 pli
1428 597 1545 683 gratia
1577 596 1615 666 in
1639 597 1827 666 novilunio
1853 597 1919 666 suit
1949 599 2147 669 coniunctio
2168 601 2279 684 piot,

318 695 490 764 terrebat
508 693 691 764 foecunda.
1356 708 1480 790 postea
1497 706 1528 791 1)
1549 699 1702 790 septimo
1729 700 1787 768 die
1805 699 1975 787 νεειῐιίὶ,
2010 701 2073 794 qui
2096 711 2181 769 certe
2202 715 2238 772 εει
2254 707 2281 772 ει

420 795 479 866 νε.
494 797 581 870 288.
635 788 802 891 Quarum]
829 791 1029 866 Discrimen
1043 821 1106 867 sen
1124 795 1305 868 distinctio
1357 799 1857 896 teriuscomplexionisquam
1880 823 1927 896 ες.
1968 801 2017 872 lta
2036 805 2282 894 psempersepti

319 920 487 990 agrorum
510 911 545 968 ει
565 899 724 968 locorum
743 893 990 970 habitabilium
1014 912 1050 968 et
1068 923 1143 968 non
1166 896 1305 970 hahita·
1358 926 1419 972 mo
1444 900 1503 970 die
1528 905 1625 974 venit
1649 905 1687 972 in
1718 903 1937 991 contrarium
1964 905 2103 996 signum
2126 905 2173 988 ei,
2200 905 2226 972 ia
2241 933 2281 1000 qu

317 1002 455 1072 biliam.
480 1001 527 1071 Et
541 1024 657 1084 causa,
672 1023 735 1070 eur
750 1023 824 1070 non
839 1000 1016 1094 possiut⁸)
1032 1005 1208 1098 quaedam
1227 1005 1306 1073 loca
1358 1002 1539 1098 principio
1561 1009 1690 1077 fuerat.

318 1101 492 1186 habitari,
515 1117 634 1174 tamen
650 1115 703 1176 est
716 1129 734 1172 a
756 1104 866 1174 coelo.
924 1100 1017 1202 Una]
1035 1105 1070 1176 id
1088 1119 1151 1191 est,
1175 1107 1306 1177 media.
1461 1103 1523 1176 Vs.
1539 1109 1628 1184 278.
1655 1105 1874 1208 Eumenides]
1901 1109 1937 1178 id
1952 1122 2020 1193 est,
2047 1109 2169 1180 iuriae.
2219 1115 2282 1180 Tem

419 1205 479 1277 Vs.
495 1203 582 1282 286.
604 1202 806 1305 Extremae]
834 1207 870 1276 id
891 1220 964 1291 est,
996 1209 1096 1278 Zona
1120 1211 1249 1280 aretica
1273 1222 1308 1280 et
1359 1203 1521 1306 Mando]
1551 1212 1587 1282 id
1611 1227 1682 1296 est,
1710 1213 1903 1282 monstrosi
1928 1225 2051 1305 partus
2075 1224 2155 1284 sunt
2173 1213 2237 1280 editi
2251 1213 2283 1280 ibo

318 1307 524 1380 antarctiea.
558 1309 656 1380 Zona
676 1311 807 1380 arctiea
826 1322 878 1382 est
893 1311 986 1380 ultra
1002 1311 1221 1397 Norheiam,
1245 1312 1308 1383 ubi
1360 1327 1535 1406 tempore.

318 1423 370 1484 εει
384 1410 568 1504 Pilappia;
595 1415 705 1482 altera
721 1413 912 1482 antarctica
928 1415 1032 1484 nobis
1047 1429 1099 1486 εει
1113 1415 1308 1508 incognita.
1462 1415 1524 1486 Vs.
1539 1417 1626 1490 279.
1654 1412 1887 1513 Iapetumque]
1911 1416 1988 1486 Hoc
2009 1439 2139 1485 nornen
2160 1413 2236 1485 haud
2250 1419 2284 1482 da

418 1513 478 1587 Vs.
492 1516 580 1589 287.
607 1510 721 1612 Duae]
747 1515 783 1584 id
809 1529 879 1599 est,
905 1517 1063 1608 tropicus
1087 1519 1121 1590 Θ
1144 1531 1180 1588 ει
1197 1520 1309 1612 tropi-
1361 1521 1418 1590 bie
1435 1545 1454 1586 a
1471 1516 1597 1609 laphet
1618 1517 1762 1591 hahent.

319 1641 380 1690 cns
402 1639 458 1714 np-
1465 1620 1525 1690 Vs.
1551 1622 1637 1695 281.
1673 1614 1922 1717 PelioOuam]
1966 1619 2033 1689 Hic
2056 1621 2188 1690 vocales
2210 1631 2285 1686 oete

419 1719 483 1790 Vs.
496 1719 584 1795 240.
610 1717 833 1819 Mandarai]
859 1722 985 1804 idest,
1011 1721 1117 1794 nohis
1142 1722 1202 1792 illa
1226 1749 1310 1816 pars
1362 1749 1437 1796 non
1455 1736 1539 1795 sunt
1554 1724 1722 1795 elidendi.
1775 1725 1781 1734 '

319 1821 451 1894 dieitur
466 1825 629 1914 superior
646 1850 766 1897 versus
783 1827 905 1918 polum
926 1825 1109 1898 arcticum.
1203 1835 1311 1900 Aroes
1465 1823 1525 1898 νε.
1542 1825 1630 1902 284.
1646 1831 1898 1918 ¹Septinrapoet
1911 1818 2092 1920 mamam]
2109 1821 2286 1890 Haeeitmu

320 1927 515 2016 Rttptoem
530 1925 578 2021 9)]
606 1925 642 1996 id
661 1941 725 2010 est,
751 1941 901 1999 montes.
953 1927 1100 1999 Veteres
1117 1932 1310 2002 nonintel-
1362 1928 1498 2002 hahent
1513 1931 1692 2000 rationem
1711 1926 1905 2024 physicam.
1948 1931 2072 2000 Sertae
2087 1921 2286 1996 rosteriam

320 2029 484 2100 texerunt
516 2053 580 2120 per
606 2026 813 2123 Rhiphaeos
848 2043 988 2102 montes
1014 2057 1126 2102 unum
1153 2033 1309 2130 aliquem
1363 2032 1600 2127 plenilunium
1626 2033 1728 2104 facile
1751 2043 1977 2123 putrescunt,
2003 2031 2088 2124 quia
2114 2029 2239 2096 multum
2255 2023 2287 2096 b·

320 2145 503 2214 montem,
529 2135 589 2204 sed
606 2134 666 2202 illa
683 2135 759 2203 loca
777 2133 976 2224 surgentia,
1003 2159 1095 2228 quae
1111 2150 1215 2207 erant
1230 2139 1312 2210 sub·
1364 2140 1450 2207 bent
1474 2130 1685 2216 humorem;
1722 2138 1784 2206 sed
1810 2146 1892 2224 post
1920 2132 2151 2225 plenilunium
2177 2153 2234 2198 nou
2254 2153 2286 2218 po

320 2235 464 2306 limiora
490 2261 598 2330 quam
619 2237 770 2330 reliqua.
836 2235 885 2306 Et
905 2237 954 2308 sic
979 2237 1146 2308 dicuntur
1171 2264 1190 2308 a
1210 2233 1312 2338 ῥεφή,
1364 2250 1542 2324 tremunt,
1569 2238 1651 2332 qnia
1668 2238 1785 2307 minus
1802 2233 1935 2304 hahent
1950 2232 2123 2305 humoris.

321 2337 445 2421 idest,
466 2337 623 2430 impetu,
650 2341 733 2434 quia
757 2339 807 2408 illi
833 2339 937 2410 flatus
958 2341 1119 2412 boreales
1141 2358 1223 2414 sunt
1253 2368 1311 2413 ve·
1465 2339 1527 2411 Vs.
1543 2341 1629 2416 287.
1655 2342 1774 2413 Malta
1789 2334 1886 2436 adea]
1914 2336 2023 2409 xvtl.
2050 2347 2258 2429 praereptum.

322 2437 593 2513 hementissimi.
1466 2442 1528 2515 νε.
1544 2445 1632 2519 288.
1657 2446 1737 2517 Sole
1751 2436 1849 2539 aava]
1869 2445 1905 2511 id
1921 2455 1991 2524 εει,
2018 2454 2102 2510 ante
2117 2437 2192 2510 εεΙίε
2207 2445 2287 2502 ortm.

423 2541 483 2616 Vs.
497 2543 584 2619 241.
608 2541 786 2644 Deveam]
814 2545 935 2617 Altera
960 2571 1043 2640 pars
1067 2547 1199 2618 dicitur
1223 2547 1311 2617 inie-
1365 2550 1565 2640 gagauden
1581 2574 1742 2637 morgen.

321 2649 398 2722 rior
413 2671 535 2719 versus
549 2651 672 2742 polum
693 2650 942 2721 antarcticum.
1466 2648 1528 2722 νε.
1545 2652 1634 2727 290.
1664 2645 1875 2748 theodemar]
1901 2650 1937 2720 id
1954 2660 2025 2733 εει,
2052 2661 2210 2720 secantur.

421 2749 483 2824 νε.
498 2752 586 2826 242.
613 2747 696 2849 Hie]
723 2753 759 2822 id
777 2767 848 2836 est,
875 2753 962 2823 eitra
982 2779 1097 2826 ursos.
1365 2755 1490 2844 Deficit
1505 2751 1643 2854 tumr]
1671 2755 1707 2825 id
1725 2769 1796 2840 εει,
1823 2778 1895 2824 nox
1909 2778 2051 2844 semper
2067 2764 2117 2822 εει
2132 2747 2257 2820 humida.

422 2853 485 2927 νε.
508 2854 596 2930 246.
628 2862 782 2950 Aequore
804 2851 933 2954 timot]
963 2858 1092 2941 idest,
1125 2877 1310 2948 nunquam
1468 2856 1530 2931 νε.
1545 2859 1633 2936 292.
1659 2852 1829 2954 lmpieat]
1857 2857 1980 2940 idest,
2005 2855 2139 2924 incidit.

322 2963 536 3034 occidentes.
1469 2959 1530 3035 Vs.
1547 2963 1635 3037 298.
1664 2956 1801 3059 Τεειεε]
1828 2961 1862 3028 id
1882 2973 1951 3049 εει,
1977 2961 2174 3028 desiccatae.

424 3064 487 3136 νε.
512 3059 600 3140 252.
632 3059 739 3162 Hinc]
771 3065 809 3135 id
841 3079 913 3148 εει,
946 3089 990 3134 ex
1015 3061 1219 3155 cognitione
1246 3061 1314 3131 Zo-
1469 3063 1532 3137 Vs.
1546 3065 1634 3142 299.
1660 3057 1875 3159 Namara]
1908 3056 2031 3131 XVHL
2058 3043 2288 3154 praeceptumdf

323 3171 414 3244 diaci
432 3181 467 3239 et
482 3169 634 3240 aliarum
650 3168 833 3240 stellarum
851 3183 934 3240 ortu
948 3181 982 3238 et
996 3192 1134 3239 occasu.
1368 3171 1590 3260 temporibus
1626 3170 1817 3252 arationis,
1850 3167 1886 3234 in
1911 3177 1979 3246 εει,
2012 3165 2208 3255 priusquam
2234 3155 2289 3214 00

424 3271 485 3348 νε.
499 3269 587 3350 254.
613 3267 792 3372 Marmar]
819 3273 857 3341 id
882 3285 953 3356 εει,
979 3297 1077 3342 mare
1101 3271 1150 3342 sic
1179 3274 1313 3345 dietum
1367 3269 1552 3345 horridior
1568 3269 1710 3366 hyems,
1738 3297 1820 3353 ara,
1845 3269 1900 3336 vet
1923 3280 2005 3337 ante
2022 3267 2115 3358 gelu.
2219 3355 2225 3370 Ι
2276 3343 2281 3356 ,

323 3409 343 3462 a
369 3382 537 3461 candores
1470 3374 1532 3448 Vs.
1545 3377 1632 3448 800.
1660 3369 1784 3472 Parta]
1809 3370 1850 3442 lu
1865 3367 1992 3466 hyeme
2007 3359 2291 3440 fmumurismm

425 3491 487 3563 νε.
503 3486 590 3566 257.
616 3479 851 3585 Neefmstra]
879 3482 954 3560 Χν.
970 3500 1212 3581 praeceptum.
1370 3482 1508 3576 opibus.

425 3594 488 3667 Vs.
503 3591 591 3670 258.
619 3587 761 3689 Parem]
789 3593 825 3660 id
848 3603 918 3674 εει,
945 3591 1188 3663 distributum.
1469 3583 1530 3660 Vs.
1546 3589 1634 3661 802.
1663 3554 1834 3683 Geniaiia]
1861 3584 1983 3667 idest,
2009 3585 2101 3654 Ιεειε
2119 3573 2232 3670 hyems.
2260 3657 2280 3676 μ

426 3699 487 3772 νε.
504 3697 591 3772 268.
623 3688 783 3791 Aretois]
815 3694 947 3764 scilicet
975 3693 1165 3778 frumenti,
1192 3690 1229 3761 id
1252 3701 1315 3772 εει,
1470 3689 1531 3763 Vs,
1556 3691 1644 3763 305,
1679 3695 1746 3763 σε..
1766 3683 1920 3789 preme]
1954 3682 2190 3757 pulcherrima
2212 3661 2290 3784 simi·

325 3805 482 3901 imponit
495 3804 673 3872 frumenta
691 3799 861 3882 vasculis,
885 3810 919 3867 et
935 3797 991 3866 illa
1008 3800 1137 3889 signat.
1369 3798 1477 3880 tudo,
1504 3792 1629 3888 hyems
1646 3806 1698 3863 est
1713 3793 1813 3886 qnasi
1827 3805 1952 3882 portus
1967 3789 2098 3859 animis
2115 3783 2265 3866 occupant·

430 3907 491 3979 νε.
504 3901 592 3980 264.
616 3897 762 4000 Famae]
778 3902 812 3970 in
831 3926 960 3994 genere
976 3903 1176 3996 significant
1191 3899 1315 3969 tenera.
1473 3899 1535 3970 Vs.
1551 3897 1639 3968 808.
1672 3889 1823 3992 Damae]
1859 3907 1910 3964 est
1940 3895 2115 3988 quaedam
2138 3881 2290 4038 ερεειεῗςὲἑι

424 4013 485 4086 νε.
509 4006 598 4088 265.
630 4000 816 4103 Amerina]
850 4006 884 4074 id
920 4017 993 4089 εει,
1033 4005 1182 4094 saligna.
1253 4001 1318 4072 Est
1371 4016 1478 4096 gnata
1505 4001 1631 4072 catulis
1653 4021 1862 4080 cervorum,
1898 4021 1973 4066 non
1997 3991 2129 4064 habeut
2156 3979 2231 4052 itad

328 4121 504 4216 quaedam
521 4115 610 4190 8010(
624 4109 787 4182 flexibilis
803 4123 837 4180 θῑ
852 4122 970 4178 tenax·
1047 4101 1267 4204 Retinacula]
1283 4105 1317 4174 id
1372 4121 1447 4178 etos
1463 4129 1639 4176 cornuum
1651 4126 1785 4184 ramos,
1800 4099 1891 4170 sicut
1905 4123 2038 4170 cornua
2057 4105 2223 4168 cervorum
2237 4075 2291 4142 ⁵⁰⁰¹·

328 4236 400 4310 εει,
426 4224 632 4316 ligamenta.
1372 4213 1432 4282 sed
1447 4208 1539 4280 rami
1553 4220 1636 4279 sunt
1653 4199 1896 4276 cohaerentes.
2221 4283 2228 4300 .

429 4325 490 4400 νε.
511 4325 598 4403 266.
632 4319 785 4422 Piscina]
818 4323 975 4392 Reusen.
1105 4309 1239 4412 autea]
1268 4326 1319 4385 εει
1473 4313 1533 4386 νε.
1557 4311 1645 4383 809.
1688 4313 1837 4402 Stappea
1857 4300 2011 4402 uerbera]
2038 4303 2075 4374 id
2103 4311 2167 4380 εει,
2201 4271 2291 4354 0009

331 4435 439 4504 etiam
455 4431 643 4524 peculiaris
660 4431 792 4520 species
808 4425 936 4498 salicis·
1372 4421 1464 4489 faeta
1482 4443 1525 4488 ex
1538 4417 1626 4487 tino.
1679 4415 1854 4486 Nominat
1869 4422 1986 4482 autem
2008 4408 2150 4477 tundam
2170 4389 2290 4508 634009

431 4535 492 4606 νε.
506 4535 594 4609 276.
621 4539 701 4624 lpse
716 4525 804 4627 dies]
821 4524 911 4600 ΧνΙ.
931 4538 1172 4618 praeceptum.
1215 4521 1320 4594 Hunc
1374 4549 1393 4591 a
1412 4520 1622 4593 Balearibus
1636 4518 1780 4600 insutis,
1807 4540 1898 4610 quae
1912 4533 1986 4584 non
2001 4513 2105 4601 tange
2120 4505 2160 4574 ab
2174 4493 2289 4640 Hispa?

331 4649 447 4708 totum
470 4637 588 4707 locum
613 4639 656 4706 de
678 4635 884 4707 discrimine
902 4631 1041 4700 dierum
1062 4630 1168 4721 plane
1189 4653 1230 4700 ex
1250 4627 1320 4696 He·
1374 4626 1462 4698 sitae
1489 4637 1593 4707 sunt,
1620 4621 1729 4690 altera
1758 4631 1907 4690 vocatur
1929 4613 2119 4693 Maiorica,
2148 4595 2292 4732 altera*1

335 4737 504 4834 si0d01')
526 4739 677 4832 sumpsit
697 4750 816 4830 poeta.
1374 4729 1511 4801 norica.
1564 4725 1707 4796 illarum
1743 4723 1939 4794 insularum
1975 4715 2135 4787 homines
2165 4715 2203 4770 rm
2231 4697 2289 4840 ¹1³]

431 4843 494 4916 νε.
516 4841 604 4917 277.
641 4835 817 4937 Quintam]
845 4839 923 4909 Hoc
946 4838 1053 4930 plane
1079 4850 1131 4906 εει
1152 4835 1322 4930 supersti-
1376 4831 1556 4904 exercitati
1570 4827 1708 4910 fundis,
1735 4839 1774 4897 ut
1789 4829 1894 4918 longe
1909 4828 2117 4914 superarent
2130 4817 2231 4928 ornnes
2244 4805 2289 4942 “a

332 4949 483 5026 tiosnm;
517 4947 577 5018 sed
602 4945 660 5015 ilia
684 4947 728 5012 de
750 4945 874 5014 diebus
898 4941 1030 5011 criticis
1053 4934 1187 5010 habent
1211 4939 1322 5008 ratio·
1377 4961 1466 5031 quas
1482 4934 1658 5004 nationes.
1709 4930 1756 4999 Et
1771 4931 1900 5000 Strabo
1924 4925 2046 4996 scribit
2061 4935 2169 5013 paens
2187 4915 2288 5046 ''sm“

1376 5052 1452 5110 tum
1476 5033 1702 5117 eracemum,
1724 5034 1932 5126 priusquam
1951 5023 2056 5096 certis
2081 4999 2258 5106 temporibus

1376 5141 1611 5212 exercuissent
1625 5138 1748 5206 funda.

367 5213 399 5376 99
420 5208 609 5376 mazioth]
627 5211 884 5362 iffiiiiiiiin
909 5313 1002 5376 ιεειε,
1033 5255 1139 5364 tn'hoe
1161 5313 1322 5364 renuente
1377 5348 1399 5416 d
1478 5242 1539 5312 γε’
1557 5242 1654 5358 ³1¹2
1672 5243 1760 5326 Ouid
1774 5227 1998 5376 Μηνᾶν
2024 5228 2112 5300 XIX'
2127 5199 2288 5388 Ρῖἧῒξέωω

403 5380 569 5444 mama
592 5381 642 5430 Ed·
660 5379 800 5445 wagner.
818 5379 976 5444 ιιιιριεεε.
1402 5372 1420 5416 ε
1453 5345 1735 5436 tempestatibus.
1802 5341 1942 5408 Recitat
1973 5346 2092 5406 autem
2121 5349 2150 5393 m

372 5478 420 5548 10)
438 5480 549 5534 treated.
568 5481 636 5547 Opp.
655 5485 683 5533 et
700 5481 767 5534 ιιιεε
784 5479 837 5533 w!
850 5493 908 5544 aeq.
928 5483 970 5534 et.
988 5481 1142 5546 aoetnng.
1380 5459 1629 5539 4010008404οΜ
1648 5445 1721 5514 Sive
1739 5440 1979 5533 00080004Ῑο0·

335 5121 539 5139 m
