4782 6060
287 281 363 354 427

284 421 471 518 ponticum
507 411 563 480 vel
590 405 852 481 rhabarbarum
884 431 1066 481 vocamus.
1141 403 1181 476 ld
1216 401 1276 477 hic

282 520 462 600 nascitur,
504 513 595 586 sicut
618 535 683 603 ego
705 509 850 601 Lipsiae
877 510 965 581 vidi.
1032 509 1276 580 Centaureum

283 609 405 696 minus
418 629 569 688 vocatur
583 613 796 687 Germanice
814 613 1101 704 taurentgulden.
1152 610 1200 682 Et
1222 611 1275 681 di-

284 728 378 800 eitur
399 732 628 793 centaureum
652 717 757 800 inde,
791 717 888 810 quod
917 716 992 788 eius
1016 739 1168 806 magnus
1191 739 1276 786 usus

283 827 398 902 estin
421 821 589 894 curandis
611 820 831 891 vulneribus.
886 819 1129 892 Centaureum
1156 817 1276 888 minus

148 1009 151 1014 ,
282 933 391 1003 etiam
415 921 636 997 Chironeum
668 936 840 1005 vocatur,
883 922 969 1017 quia
1000 923 1124 993 dicunt
1147 915 1277 990 Chiro-

281 1059 385 1115 nem,
417 1040 687 1121 praeceptorem
709 1022 881 1109 Achillis,
921 1037 1112 1096 centaureo
1134 1047 1275 1095 curasse

281 1161 345 1212 sua
370 1132 532 1202 vulnera.
601 1129 799 1224 Utriusque
831 1129 1012 1201 centaurei
1042 1142 1095 1199 est
1124 1149 1276 1217 magnus

281 1263 366 1314 usus
380 1235 420 1304 in
434 1233 654 1325 glutinandis
667 1231 888 1302 vulneribus.
957 1232 1149 1302 Praeterea
1170 1229 1210 1299 iu
1224 1231 1276 1300 le·

279 1343 405 1415 bribus
423 1335 618 1406 maximam
636 1333 710 1402 vim
726 1331 873 1405 habent.

382 1439 444 1511 Vs.
469 1439 559 1514 271.
597 1439 744 1532 Ametto]
777 1437 905 1510 Nullus
927 1449 980 1507 est
1003 1442 1174 1526 scriptor,
1212 1433 1276 1527 qui

279 1547 389 1618 faciat
412 1542 637 1612 mentionem
659 1535 766 1610 huius
787 1538 889 1610 floris
911 1551 1058 1629 excepto
1075 1536 1274 1607 Columella

279 1663 315 1721 et
328 1644 495 1736 Virgilio.
549 1643 765 1714 Hermolaus
780 1641 964 1712 Barbarus
980 1653 1083 1734 putat
1098 1662 1172 1712 esse
1195 1662 1275 1732 spe·

280 1754 370 1824 ciem
388 1745 709 1837 camemyllorum,
736 1768 829 1838 quae
848 1755 991 1813 vocant.

382 1847 444 1919 νε.
462 1843 550 1921 276.
579 1841 710 1945 nuce]
739 1846 863 1932 idest,
889 1846 975 1915 lolia
992 1845 1182 1917 imitantur
1196 1844 1274 1914 rio-

280 1957 352 2040 las,
379 1973 473 2045 quae
492 1959 577 2020 sunt
591 1973 807 2039 purpureae.

226 2057 230 2066 '
380 2052 443 2122 Vs.
460 2051 549 2127 276.
580 2043 784 2149 Torquibua]
810 2051 937 2132 idest,
963 2047 1119 2120 coronis.

381 2155 443 2226 Vs.
459 2154 548 2230 277.
575 2157 689 2244 Asper
703 2159 742 2226 in
763 2177 820 2226 ore
841 2154 958 2246 sapor]
984 2150 1078 2221 Octo
1104 2158 1189 2223 sunt
1212 2171 1275 2240 ap·

279 2259 494 2354 pellationes
530 2279 731 2346 saporum,
778 2279 870 2350 quae
906 2265 990 2324 suut
1022 2255 1206 2344 regulares
1240 2263 1275 2320 et

277 2360 505 2457 praecipuae.
560 2357 595 2429 1.
621 2357 765 2443 Dulcis,
791 2359 928 2428 Graece
946 2351 1105 2456 γλυκὺς,
1128 2367 1170 2426 ut
1191 2354 1274 2438 mel,

278 2468 417 2537 vinum.
483 2467 519 2535 2.
545 2460 714 2551 Pinguis,
749 2461 859 2552 vulgo
880 2472 1098 2544 unctuosus,
1138 2459 1275 2530 Graece

278 2561 450 2664 λιπαρὸς,
484 2574 525 2634 ut
548 2563 688 2648 oleum,
713 2565 898 2657 butyrum.
950 2562 987 2632 8.
1013 2562 1189 2644 Amarus,
1214 2584 1275 2632 πι-

277 2666 387 2766 κρὸς,
413 2665 616 2738 contrarius
630 2665 746 2750 dulci,
769 2679 812 2737 ut
827 2667 893 2749 fel,
917 2663 1067 2735 nitrum.
1110 2662 1146 2737 4.
1168 2665 1274 2746 Acer,

277 2774 416 2844 Graece
432 2763 588 2863 δριμὺς,
614 2779 656 2839 ut
671 2766 794 2861 piper,
821 2766 989 2838 zinziber.
1042 2761 1078 2838 6.
1103 2767 1274 2848 Acerbus,

281 2875 390 2964 vulgo
405 2870 589 2956 Ponticus,
615 2871 700 2940 item
719 2871 894 2963 stipticus,
920 2869 1058 2940 Graece
1075 2864 1275 2965 στρυφνὸς,

280 2989 323 3048 ut
340 2971 456 3044 acatia
471 2975 601 3056 sorba,
625 2972 753 3056 idest,
779 2997 888 3067 poma
912 2971 1128 3056 immatura,
1153 2993 1274 3040 nuces.

279 3079 320 3150 8.
344 3075 498 3160 Aridus,
524 3076 662 3148 Graece
674 3071 785 3168 ὂξὺς,
809 3076 918 3165 vulgo
937 3085 1117 3157 acetosus,
1143 3086 1275 3143 utace-

280 3195 359 3253 tosa
375 3175 501 3248 herba.
554 3179 589 3251 7.
615 3180 809 3262 Anteros,
835 3178 974 3249 Graece
991 3171 1198 3272 αὐστηρὸς,
1223 3187 1276 3248 est

282 3283 423 3353 vicinus
439 3282 590 3366 acerbo,
616 3293 658 3352 ut
672 3281 854 3378 suntflvina
873 3291 1026 3352 austera.
1079 3279 1117 3350 8.
1143 3277 1276 3362 Salsus,

277 3379 447 3480 ἆλμυρὶς
461 3384 619 3466 Graece,
646 3396 713 3456 etr.
1073 3409 1078 3416 ·

381 3485 445 3559 Vs.
458 3488 548 3562 278.
573 3481 781 3583 Menae¹⁷)]
803 3483 929 3567 idest,
954 3481 1085 3553 Gallici
1105 3481 1276 3554 fluminis.

380 3589 442 3660 νε.
459 3591 548 3664 281.
572 3593 644 3663 Sed
661 3595 694 3660 ai
708 3589 821 3685 qum]
841 3587 895 3660 De
910 3585 1137 3658 restitutione
1154 3611 1277 3678 apum,

276 3694 427 3788 quando
445 3693 588 3785 penitus
603 3692 778 3762 extinctae
793 3703 889 3762 sunt.
949 3688 1069 3758 Etiam
1093 3688 1131 3758 in
1155 3688 1277 3780 parvis

279 3797 386 3867 rebus
411 3795 588 3868 mirabilis
605 3793 835 3887 providentia
857 3792 927 3862 Dei
954 3791 1193 3884 conspicitur,
1235 3804 1277 3862 ut

280 3901 543 3970 admoneamur
570 3895 665 3968 hane
698 3910 876 3982 naturam
898 3918 974 3965 non
998 3895 1153 3966 extitisse
1181 3918 1276 3966 casu.

277 4001 338 4071 stc
354 4004 531 4096 quaedam
549 3999 764 4072 animalcula
781 4011 978 4071 nascuntur
1003 3997 1162 4068 mirabili
1187 4023 1277 4094 quo-

280 4105 366 4174 dam
383 4105 513 4188 modo,
539 4116 580 4174 nt
602 4126 687 4196 apes
709 4127 753 4172 ex
777 4126 862 4173 rore
888 4102 1060 4185 collecto',
1094 4101 1152 4172 cui
1177 4102 1276 4172 incu-

279 4207 371 4276 bant
403 4207 442 4276 in
474 4206 547 4278 suis
582 4205 831 4290 domunculis,
876 4205 968 4278 sicut
998 4205 1151 4296 gallinae
1187 4205 1275 4275 ovis.

278 4305 367 4378 Inde
398 4307 559 4379 nascitur
587 4307 745 4400 primum
775 4309 923 4405 quidam
952 4309 1189 4392 vermiculus,
1234 4330 1276 4376 ex

278 4433 354 4504 quo
372 4421 495 4500 postea
511 4411 551 4480 lit
566 4411 655 4502 apis.
713 4408 783 4483 lata
807 4423 860 4482 est
882 4411 1066 4482 ordinaria
1089 4410 1275 4502 generatio

280 4534 404 4601 apum.
455 4511 604 4584 Praeter
618 4509 712 4585 hanc
727 4528 780 4588 est
798 4513 1105 4598 extraordinaria,
1137 4514 1201 4585 ubi
1224 4514 1276 4582 vi-

281 4611 412 4682 delicet
433 4637 519 4705 apes
541 4630 737 4688 nascuntur
759 4642 803 4688 ex
822 4618 915 4687 bove
934 4603 1155 4711 putrefacto,
1190 4641 1276 4688 con·

281 4715 429 4785 icctoin
449 4717 605 4812 aliquem
627 4721 748 4790 locum
773 4721 953 4803 clausum,
986 4719 1052 4789 ubi
1075 4720 1191 4813 putris
1215 4745 1275 4791 va-

281 4843 352 4910 por
366 4843 444 4889 non
457 4833 576 4915 potest
590 4819 768 4896 exhalare.
820 4823 891 4893 Sed
907 4821 959 4891 ibi
981 4836 1065 4895 suot
1088 4828 1274 4896 addendae

281 4917 414 4992 herbae
433 4927 633 5018 quaedam,
659 4940 701 4996 ut
723 4921 870 5022 thymus
893 4924 1029 5010 casiae,
1060 4940 1101 4998 ut
1122 4927 1190 4999 iste
1213 4952 1275 4998 va·

281 5047 350 5114 por
365 5035 596 5116 temperetur.
646 5027 765 5115 Haec,
798 5030 890 5100 sicut
909 5028 1073 5121 proxime
1095 5029 1188 5116 dixi,
1222 5042 1275 5102 est

281 5119 523 5216 pulcherrima
540 5131 658 5222 imago
675 5145 711 5202 et
725 5135 865 5226 pictura
880 5131 1081 5216 Ecclesiae,
1107 5159 1201 5228 qnae
1221 5146 1275 5206 est

281 5239 369 5297 nata
392 5252 435 5299 ex
454 5231 547 5303 hove
569 5248 748 5322 mactato,
782 5237 907 5322 idest,
941 5259 984 5306 ex
999 5230 1143 5308 Christo
1159 5239 1273 5310 cruci·

280 5385 496 5406 ᾖ

318 5461 365 5530 ιη
383 5463 504 5534 unae]
524 5467 568 5521 an
583 5470 634 5524 rc
648 5469 743 5538 rana
762 5471 815 5526 ra
832 5471 970 5536 wagner.
989 5473 1106 5530 uana.

866 233 990 308 rull..
1026 233 1140 308 MEL.
1170 231 1375 308 SCRIPTA
1406 231 1747 311 PHILOLOGICA.
1835 252 1872 305 ’.τ

1328 407 1412 480 fixo.
1464 405 1513 480 Et
1527 404 1618 478 sicut
1633 429 1717 499 apes
1734 401 1848 479 halitu
1865 418 1901 477 et
1912 405 2072 479 ninntti
2092 409 2252 482 stridore
2275 413 2319 481 vi

1327 512 1473 582 vificant
1487 533 1570 583 suos
1586 510 1721 601 pullos:
1749 507 1973 580 italloclesia
1988 510 2115 582 crescit
2136 513 2263 584 sonitu
2287 529 2318 586 et

1328 615 1452 684 verbo.
1504 611 1632 682 Postea
1650 635 1692 682 ex
1709 611 2020 705 equisnascttutnr
2045 612 2262 699 cabrones,
2287 617 2320 686 id

1329 729 1402 798 est,
1429 739 1472 788 ex
1488 710 1631 786 heroico
1649 714 1837 790 nobilitate
1852 713 1951 786 venit
1967 715 2122 804 degener
2139 717 2320 804 nobilitas,

1328 820 1451 912 inqua
1469 841 1545 890 uon
1560 828 1612 889 est
1627 817 1740 886 virtus
1763 815 1825 886 illa
1838 816 2050 899 maiorum,
2079 816 2177 891 sicut
2198 819 2319 894 ridetis

1328 945 1371 990 ex
1402 919 1715 1014 praestantissimis
1737 917 1958 1010 principibus
1979 930 2184 992 naturane
2208 917 2320 990 homi·

1328 1047 1391 1094 nes
1408 1021 1668 1116 ignavissimos.
1719 1017 1775 1088 llli
1789 1023 1981 1092 crabrones
1998 1032 2083 1090 sunt
2094 1020 2236 1092 inimici
2249 1025 2320 1116 api·

1328 1127 1412 1210 bus,
1440 1125 1523 1221 quia
1534 1123 1690 1199 Ecclesia
1705 1117 1814 1192 habet
1822 1123 1987 1216 *duplices
2001 1119 2142 1208 hostes,
2170 1123 2319 1198 cennu.
2381 1164 2387 1199 ι

1328 1253 1389 1300 ros
1411 1241 1447 1298 et
1471 1222 1690 1321 hypocritas.
1757 1225 1930 1299 Centauri
1953 1239 2038 1300 sunt
2060 1230 2230 1320 tyranni,
2262 1231 2320 1324 qui
2384 1199 2387 1290 l

1328 1332 1515 1402 manifesta
1538 1330 1576 1400 vi
1596 1341 1827 1422 oppugnant,
1857 1342 1898 1400 ut
1918 1327 2038 1415 Nero,
2071 1341 2139 1400 etc.
2201 1329 2319 1425 Hypo·

1327 1435 1439 1505 critae
1454 1429 1718 1505 suntmonacbi
1736 1443 1772 1502 et
1788 1432 1942 1515 similes,
1977 1433 2041 1527 qui
2062 1443 2190 1502 serunt
2212 1435 2319 1525 impia

1328 1539 1518 1629 dogmata,
1543 1546 1579 1605 et
1593 1535 1794 1608 adsciscunt
1806 1536 1877 1614 sihi
1893 1531 2100 1617 cohortem,
2127 1546 2169 1605 ut
2185 1537 2319 1627 possint

1327 1640 1420 1712 tueri
1433 1663 1535 1710 suam
1553 1637 1796 1729 impietatem,
1827 1639 1911 1733 qnia
1925 1635 2033 1710 ludas
2053 1660 2197 1728 semper
2217 1634 2319 1710 habet

1326 1766 1428 1814 suam
1446 1737 1644 1812 cohortem.
1695 1740 1796 1814 Talis
1811 1736 1942 1814 cohors
1962 1755 2016 1812 est
2039 1743 2198 1830 degener
2220 1742 2318 1812 nubi-

1326 1845 1420 1916 litas.
1458 1843 1513 1914 Ex
1527 1844 1637 1924 asinis
1651 1856 1848 1914 nascuntur
1862 1845 2035 1928 scarabei,
2061 1843 2115 1912 illi
2130 1842 2203 1936 ipsi
2216 1845 2318 1936 signi-

1326 1949 1434 2018 licant
1449 1942 1654 2040 hypocritas
1672 1959 1707 2016 et
1729 1943 1939 2020 monachos.
1989 1945 2038 2016 Et
2058 1947 2186 2018 dicunt
2205 1971 2318 2020 scara·

1326 2051 1434 2121 heum
1459 2073 1533 2120 esse
1559 2073 1703 2141 pugnax
1731 2050 1887 2133 animal,
1925 2061 2109 2122 armatum
2139 2050 2318 2133 cornibus,

1327 2151 1364 2222 id
1381 2166 1454 2238 est,
1481 2175 1524 2222 ex
1538 2147 1735 2246 hypocritis
1752 2153 1850 2225 venit
1864 2152 1957 2224 istud
1973 2176 2085 2244 genus
2104 2153 2318 2244 persecutio·

1326 2279 1434 2338 num,
1461 2257 1559 2350 quod
1583 2256 1695 2324 multo
1718 2256 1833 2346 magis
1859 2268 1965 2326 nocet
1980 2255 2180 2340 Ecclesiae,
2212 2279 2318 2350 quarn

1327 2358 1511 2430 Centauri.
1543 2380 1546 2386 ·
1563 2357 1617 2430 Ex
1631 2371 1776 2430 mortuo
1794 2354 1938 2430 Christo
1955 2361 2147 2431 evolarunt
2162 2359 2317 2452 ingentia

1327 2464 1470 2555 agmina
1490 2487 1620 2554 apum,
1646 2462 1685 2532 id
1709 2475 1783 2546 est,
1808 2461 2044 2554 Evangelium
2062 2459 2199 2536 Christi
2222 2486 2318 2556 spar-

1327 2591 1406 2640 sum
1425 2576 1477 2642 est
1493 2590 1558 2657 per
1576 2577 1690 2635 totum
1710 2566 1833 2633 orbem
1849 2577 2042 2638 terrarum.

1427 2667 1489 2738 Vs.
1504 2669 1594 2743 288.
1628 2671 1775 2740 Arradli
1796 2670 1971 2762 magistra]
1997 2670 2129 2752 idest,
2155 2667 2318 2740 Aristaei.

1326 2770 1412 2841 Fuit
1427 2768 1534 2842 etiarn
1551 2795 1644 2841 uuus
1659 2795 1701 2840 ex
1717 2771 2030 2862 praestantissimis
2045 2771 2197 2842 ducibus
2212 2772 2318 2840 Grae-

1327 2874 1424 2956 ciae,
1452 2898 1559 2968 quem
1577 2874 1702 2943 dicunt
1717 2873 1894 2944 invenisse
1911 2875 2030 2946 mella.
2080 2873 2168 2944 Ferit
2190 2873 2318 2967 aliquis

1327 2975 1476 3048 celebris
1492 2975 1678 3068 princeps,
1704 2978 1768 3069 qui
1786 3001 1844 3050 res
1860 3001 2007 3068 magnas
2023 2975 2151 3070 gessit,
2176 2976 2248 3047 luit
2266 3000 2318 3046 sa·

1328 3081 1431 3174 piens
1447 3081 1680 3170 gubernator.

1429 3182 1491 3254 νε.
1507 3179 1595 3258 285.
1625 3183 1772 3275 warte]
1799 3182 1924 3266 idest,
1948 3181 2195 3275 progenuerit.

1431 3285 1492 3356 νε.
1508 3286 1597 3361 287.
1638 3289 1730 3358 Nam
1755 3280 1842 3382 prro]
1874 3285 1912 3354 id
1946 3299 2017 3370 est,
2054 3279 2126 3356 boc
2159 3284 2252 3356 solet
2285 3281 2319 3350 in

1327 3387 1492 3481 Aegypto
1523 3388 1613 3459 lieri.
1740 3390 1886 3480 Canope]
1920 3387 2056 3460 Civitas
2080 3389 2119 3458 in
2145 3386 2319 3479 Aegypto.

1329 3487 1519 3592 Pellel¹⁸)]
1547 3491 1584 3560 id
1601 3503 1672 3572 est,
1697 3488 1955 3574 Alexandrini,
1987 3492 2044 3562 vel
2067 3491 2189 3584 potius
2205 3490 2319 3560 Mace·

1328 3593 1471 3678 donici,
1498 3593 1559 3666 ubi
1575 3605 1815 3684 regnaverunt
1831 3593 2054 3664 Macedonici
2072 3619 2174 3686 reges
2189 3592 2260 3662 orti
2280 3617 2319 3661 ex

1328 3696 1450 3781 Pella,
1476 3696 1610 3790 oppido
1627 3695 1874 3768 Macedoniae.
1925 3692 2002 3767 Illic
2023 3718 2170 3793 quoque
2197 3719 2319 3787 regna·

1329 3797 1640 3883 vitl’tolemaeus,
1667 3801 1732 3868 der
1748 3800 1807 3870 ein
1824 3801 1962 3870 bastart
1971 3795 2130 3892 l'hilippi
2146 3799 2192 3870 ist
2204 3819 2319 3889 gewr-

1328 3923 1404 3972 sen.
1453 3901 1619 3994 Regnum
1636 3904 1809 3995 Aegypti,
1844 3902 1891 3974 ist
1915 3903 1973 3972 die
1999 3916 2079 3997 aeyt
2100 3906 2166 3973 das
2189 3899 2319 3992 gewal-

1329 4004 1433 4094 tigest
1462 4030 1613 4096 regnum
1644 4031 1811 4097 gewesen
1843 4005 1960 4078 nehen
1985 4007 2063 4102 'den
2086 3999 2318 4084 Monarchiis,

1329 4109 1421 4180 sicut
1435 4103 1542 4180 bodie
1563 4113 1713 4201 reg'num
1732 4108 1884 4182 Galliae.
2162 4125 2164 4132 ’

1432 4211 1494 4284 νε.
1510 4211 1598 4288 289.
1634 4208 1871 4310 Phasellr¹⁹)]
1907 4213 2038 4296 idest,
2072 4209 2243 4282 lintribus
2263 4205 2319 4277 vel

1330 4315 1477 4409 cymbis.
1555 4319 1630 4390 Sua
1649 4317 1753 4408 rura]
1780 4315 1874 4408 Quia
1893 4315 1930 4384 in
1944 4317 2109 4409 Aegypto
2125 4338 2201 4384 non
2219 4311 2318 4405 pluit,

1328 4417 1419 4496 sicut
1433 4421 1471 4488 in
1482 4417 1768 4490 Deuteronomio
1786 4419 1893 4490 ctiam
1911 4419 2124 4502 ostenditur,
2148 4415 2318 4490 sedNilus

1328 4523 1434 4594 certis
1458 4524 1682 4616 temporibus
1705 4523 1883 4606 exundat,
1925 4535 1961 4618 et
1980 4521 2049 4594 illis
2069 4517 2319 4592 exundationi-

1327 4626 1394 4696 bus
1418 4639 1512 4697 terra
1534 4627 1710 4696 foecunda
1735 4627 1786 4697 lit.
1855 4623 2039 4694 Interdum
2063 4648 2139 4693 non
2163 4623 2319 4696 exundat

1328 4728 1431 4802 Nilos
1446 4754 1512 4800 suo
1529 4741 1712 4820 tempore,
1743 4741 1779 4798 et
1802 4740 1887 4797 tunc
1908 4729 2021 4799 tames
2047 4726 2249 4818 impendet,
2276 4732 2319 4792 ut

1328 4834 1551 4925 temporibus
1575 4828 1719 4924 losephi
1742 4845 1778 4901 et
1801 4831 1965 4902 Traiani.
2029 4829 2093 4900 Est
2121 4830 2229 4923 plane
2250 4823 2317 4896 hoc

1327 4936 1541 5006 miraculum
1565 4935 1742 5006 divinum.
1810 4935 1898 5005 Post
1920 4932 2130 5004 Caniculam
2156 4958 2236 5012 eum
2262 4939 2316 4998 est
2386 4965 2387 5048 p

1327 5062 1465 5108 summa
1495 5039 1644 5110 ariditas
1678 5039 1911 5110 inormibus
1939 5037 2050 5121 locis,
2098 5048 2185 5108 tunc
2215 5031 2315 5106 Nilus

1326 5145 1502 5224 exundat,
1551 5154 1587 5212 et
1616 5141 1744 5233 irrigat
1773 5163 1895 5232 agros,
1937 5139 2101 5210 videlicet
2135 5139 2198 5210 illo
2228 5149 2314 5206 tem-

1362 5385 1408 5452 te)
1430 5385 1533 5444 Pellel]
1551 5383 1593 5434 sto
1609 5384 1661 5434 Ed.
1675 5380 1767 5446 telae
1791 5383 1842 5433 Ed.
1860 5381 1999 5447 Wagner.
2021 5383 2141 5439 Pellael.

1359 5472 1407 5532 ts)
1424 5468 1573 5530 mass]
1590 5467 1631 5518 rto
1649 5468 1698 5518 tto.
1716 5469 1809 5530 lma
1830 5465 1881 5517 Ed
1901 5467 2041 5531 wagner.
2060 5465 2174 5532 Μία.
