4800 6080
304 221 383 320 o‘as
884 225 1010 304 mu.
1042 225 1156 303 um
1191 222 1395 301 maura
1428 223 1768 302 ormocoorcc
2276 233 2351 309 η.

296 413 584 486 arbanensem
606 405 726 478 Diana
749 417 786 476 et
806 405 948 490 Pallas,
988 403 1090 498 (Ant.
1103 402 1159 500 8.)
1189 403 1299 472 inter·
1351 399 1417 471 viti
1431 411 1882 494 coronaverunt,propter
1898 395 2090 492 tegnam
2124 398 2237 475 Venit
2257 404 2348 478 enim

305 515 484 587 ficientem
501 533 624 584 cervos
638 511 714 584 sine
733 509 881 580 canibus
899 521 934 579 et
953 509 1030 578 sine
1043 507 1191 578 retibus.
1232 505 1300 575 Pe·
1352 502 1489 576 amicus
1502 505 1548 574 ad
1563 501 1722 586 amicos,
1748 505 1796 576 ad
1810 501 2030 596 hospitalem
2043 505 2196 592 urbem,
2221 510 2271 578 ad
2291 533 2349 580 au·

307 619 413 690 dibus
428 617 523 688 enim
541 616 693 686 valebat.
743 610 862 682 Venio
880 613 926 681 ad
941 605 1011 680 boc
1025 620 1127 682 vetus
1150 609 1300 692 dictum,
1351 607 1424 676 lam
1435 606 1623 692 Herculis,
1649 605 1809 704 (Str-4.)
1827 631 1909 678 cum
1927 628 2001 702 quo
2016 605 2348 684 'ltdiamTelamm

307 721 408 818 quod
432 743 539 792 senex
553 715 692 790 Chiron
714 715 752 784 in
773 737 877 786 saxea
899 716 1010 784 domo
1027 713 1117 784 aluit
1133 709 1297 782 iasonem
1351 708 1590 802 expugnavit,
1619 721 1669 780 et
1694 709 1808 794 Coos,
1849 721 1887 781 et
1915 709 2110 803 (ligantem
2145 711 2346 808 Alcyonen

307 837 344 896 et
356 823 627 916 Aesculapium,
654 841 760 914 quern
777 815 900 888 docuit
916 810 1199 910 pharmacorum
1213 813 1300 882 arti-
1352 813 1419 882 uec
1446 823 1569 883 tamen
1602 811 1708 898 vicit,
1745 812 1961 908 priusquam
1982 811 2130 886 llemuli
2158 818 2347 890 duodecim

306 927 468 998 dcimam
502 923 716 995 doctrinam.
784 919 925 990 Deinde
958 917 1152 1011 despondit
1190 917 1299 987 Peleo
1353 907 1547 1010 quadrigas
1561 915 1754 1002 contrivit,
1778 927 1816 986 et
1830 915 1870 986 in
1886 915 1936 988 eis
1952 915 2082 1008 viginti
2105 933 2267 1014 quatuor
2283 922 2347 992 mi-

248 1077 252 1090 ι
302 1025 522 1110 'l'hetidem,
556 1039 592 1096 et
618 1023 783 1095 educavit
806 1022 919 1092 lilium
946 1022 1199 1105 excellentem,
1242 1039 1300 1088 or·
1351 1017 1451 1102 lites,
1477 1017 1572 1088 iacto
1587 1017 1720 1110 lapide.
1776 1015 2037 1112 Imperitdsest
2056 1022 2262 1108 bellorum,
2288 1025 2346 1120 qui

305 1123 401 1202 nans
417 1129 579 1200 animum
599 1124 993 1208 omnibusvirtutihus‚
1029 1119 1111 1218 (Ep.
1128 1119 1182 1220 3.)
1197 1134 1239 1193 ut
1254 1123 1300 1195 ad
1344 1143 1430 1190 -oou
1444 1119 1614 1213 intelligit
1628 1121 1782 1192 dictum:
1817 1121 2024 1195 Facieutem
2039 1124 2180 1219 aliquid
2203 1139 2346 1220 oportet

305 1232 459 1305 Troiam
481 1231 569 1301 flatu
590 1242 781 1300 ventorum
808 1227 1007 1319 proiectus,
1046 1247 1208 1319 pugnam
1228 1222 1301 1318 Ly·
1354 1235 1391 1292 et
1403 1222 1481 1316 pati
1497 1221 1646 1319 alieprid.
1698 1221 1791 1318 (Ser.
1808 1220 1864 1323 6.)
1886 1224 1997 1298 Plura
2016 1251 2077 1298 me
2090 1227 2212 1300 dicere
2225 1226 2345 1322 probi

308 1335 447 1407 ciorum
474 1344 509 1406 et
531 1331 787 1403 Dardanorum
811 1328 1022 1414 sustineret,
1049 1340 1084 1399 et
1096 1323 1301 1422 Phrygum:
1352 1326 1414 1398 bet
1427 1324 1505 1409 lex,
1529 1338 1566 1396 et
1580 1325 1704 1396 Horae
1719 1326 1942 1402 festinantes.
1993 1325 2140 1401 'l'rahor
2163 1331 2287 1402 autem
2311 1346 2346 1403 ut

309 1449 346 1508 et
369 1459 533 1530 pugnans
558 1461 639 1507 cum
662 1429 902 1525 Aethiopibus
932 1431 1124 1524 cogitaret,
1156 1453 1202 1500 ne
1224 1429 1303 1499 Me-
1352 1427 1512 1511 fascino,
1545 1441 1587 1498 ut
1617 1428 1800 1500 novilunii
1839 1453 2016 1524 pompam
2048 1432 2241 1526 attingat.
2306 1433 2345 1505 aa

300 1535 1087 1722 tltzdlllzlssl‘lllllltssll‘}
1107 1531 1302 1728 „illd
1354 1533 2344 1730 tlfflt‘tlldtllld‘ldddlh’d‘tl

307 1744 503 1817 musenim
522 1743 666 1835 sangaris
681 1753 753 1826 est,
779 1752 882 1812 tuum
900 1752 1100 1810 certamen:
1128 1739 1226 1835 quod
1243 1734 1302 1809 hic
1354 1733 1513 1819 versari,
1544 1737 1673 1809 melius
1697 1761 1807 1832 quam
1829 1734 1961 1813 hostes.
2019 1740 2114 1815 Nam
2141 1741 2343 1814 invidusiu

307 1843 466 1941 hymnus
481 1869 569 1916 voce
587 1845 757 1916 iuvenum
770 1843 927 1914 celebrat
942 1843 1038 1913 inter
1051 1841 1251 1936 indigenas,
1268 1851 1304 1910 et
1354 1837 1513 1909 tenebris
1529 1838 1637 1911 inane
1651 1853 1686 1912 et
1694 1835 1831 1912 humile
1841 1843 2031 1915 consilium
2038 1845 2165 1919 volvit.
2191 1843 2343 1942 (stro)

308 1961 437 2022 mutus
465 1948 639 2019 victorem
659 1946 910 2018 Aristoclidem
937 1958 1065 2030 ornae,
1106 1945 1169 2040 qui
1195 1940 1303 2016 huius
1354 1939 1426 2012 sed
1442 1936 1532 2020 mihi
1547 1967 1656 2038 quam
1678 1942 1846 2016 virtutem
1861 1948 1964 2018 dedit
1977 1945 2095 2034 Deus,
2111 1949 2281 2042 'perficiet
2294 1973 2343 2018 re·

308 2051 449 2126 insulae
465 2051 618 2144 gloriam
637 2050 749 2134 auxit,
771 2059 808 2120 et
822 2049 998 2142 templum
1012 2048 1171 2120 reddidit
1185 2047 1303 2140 splen·
1353 2043 1458 2116 nicos
1476 2056 1630 2138 tempus.
1682 2046 1740 2118 'l'u
1756 2071 1843 2120 vero
1855 2050 1970 2123 doleis
1993 2047 2153 2137 titlrara,
2178 2057 2342 2144 praetexe

308 2154 440 2226 didius.
504 2153 736 2246 Experientia
771 2153 946 2237 ostendit,
972 2175 1044 2248 qua
1080 2151 1232 2246 quiaque
1262 2170 1303 2220 re
1355 2171 1501 2218 carmen
1517 2147 1634 2242 Lydia
1658 2146 1850 2232 harmonia
1866 2152 2042 2230 Oeoouae
2059 2167 2095 2226 et
2109 2153 2255 2250 Cypro,
2288 2155 2341 2226 ubi

309 2257 471 2330 excellat.
522 2253 625 2353 (M.
640 2255 695 2352 4.)
716 2252 815 2326 lnt‘er
830 2255 979 2327 iuvenes
995 2267 1048 2327 est
1061 2253 1222 2338 iuvenis,
1248 2252 1304 2323 vir
1356 2249 1497 2321 Teucer
1512 2263 1583 2334 est;
1601 2252 1694 2324 Aiax
1709 2279 1797 2326 vero
1812 2269 1911 2327 tenet
1921 2255 2157 2331 Salaminam.
2192 2256 2286 2351 (so.
2297 2258 2342 2352 7.)

308 2361 406 2432 inter
422 2360 540 2446 viros,
566 2361 662 2431 inter
684 2381 786 2432 senes
808 2383 936 2445 senex,
969 2358 1132 2430 tribuens
1155 2357 1303 2448 cingulis
1354 2353 1405 2424 At
1435 2353 1475 2422 io
1500 2351 1643 2426 Euxino
1676 2370 1775 2430 tenet
1805 2356 1963 2432 Achilles
2004 2361 2161 2434 incidam
2188 2359 2343 2438 boucam

305 2463 583 2536 convenientem
597 2475 751 2557 partem.
803 2461 921 2532 flabat
943 2473 979 2532 et
1003 2473 1169 2558 quartam
1190 2461 1304 2530 virtu
1356 2451 1483 2530 Thetis
1496 2483 1583 2532 vero
1600 2473 1698 2534 tenet
1711 2457 1896 2550 Phthiam,
1910 2463 2280 2558 Neoptolemum
2296 2489 2342 2535 ce-

302 2581 406 2654 tem,
431 2569 530 2664 quod
544 2565 749 2661 praesentia
765 2578 861 2636 recte
876 2563 1040 2662 curat⁷)‚
1062 2577 1098 2635 et
1112 2587 1189 2635 non
1204 2564 1303 2636 deest
1355 2559 1530 2634 lebratam
1545 2559 1719 2655 Epirum,
1744 2565 1808 2640 sabi
1828 2565 1867 2639 iu
1887 2568 1969 2650 altis
1987 2569 2137 2643 collibus
2152 2581 2341 2662 pascuntur

308 2669 558 2767 praesentibus
572 2669 739 2763 negotiis.
789 2668 895 2739 Salve
912 2667 1045 2754 amice,
1070 2663 1142 2738 hoc
1157 2689 1302 2738 carmen
1354 2664 1484 2748 boves,
1523 2663 1777 2757 incipientibus
1804 2693 1825 2740 a
1852 2665 2009 2745 Dodona
2032 2697 2147 2768 usque
2171 2675 2220 2744 ad
2250 2695 2340 2742 mare

246 2793 252 2801 '
291 2775 377 2846 ‘tibi
392 2775 509 2858 dono,
533 2773 638 2842 melle
656 2773 797 2842 etlacte
819 2771 990 2841 mixtum:
1017 2782 1055 2840 et
1074 2793 1135 2841 ros
1151 2767 1304 2841 circum·
1355 2762 1511 2840 lonium.
1579 2767 1650 2840 Sed
1687 2773 1732 2840 ad
1762 2770 1856 2844 Pelii
1880 2773 2013 2847 montis
2038 2776 2179 2850 radices
2207 2799 2339 2848 servam
2394 2789 2395 2812 ¹

308 2879 374 2948 dat
387 2874 542 2946 Aeolicis
556 2873 655 2945 tibiis
669 2883 819 2966 potum,
847 2869 929 2965 (ἣν.
937 2869 992 2966 4.)
1007 2872 1073 2943 etsi
1088 2895 1169 2945 sero
1186 2871 1303 2941 mitto.
1355 2864 1491 2941 Iolcum
1515 2869 1665 2945 tradidit
1689 2870 1869 2957 Thessalis
1889 2876 2038 2963 Peleus,
2076 2876 2171 2973 (Str.
2186 2879 2243 2974 8.)
2267 2902 2341 2950 usur

309 2979 381 3052 Sed
394 2977 514 3072 aquila
531 2989 585 3050 est
599 2975 784 3046 celerrima
800 2973 897 3047 inter
918 2975 1101 3059 volucres,
1128 2995 1222 3070 quae
1247 2997 1304 3044 ra-
1355 2971 1443 3042 dolo
1465 2971 1685 3069 Hippolytae
1700 2973 1752 3074 Ι),
1775 2978 1938 3072 coniugis
1960 2981 2095 3056 Acasti.
2146 2979 2243 3054 Nam
2260 2981 2342 3050 Aca·

310 3081 366 3176 pit
390 3081 562 3172 praedam
584 3079 713 3172 procul
736 3101 931 3174 quaereus;
966 3078 1104 3170 gracsffi
1125 3101 1212 3148 vero
1234 3080 1305 3150 cla·
1357 3086 1432 3146 ctus
1453 3071 1643 3149 machaera
1667 3075 1820 3152 Daedali
1847 3104 1914 3172 per
1940 3081 2090 3156 insidias
2122 3079 2342 3157 machinatus
2393 3073 2394 3156 i

309 3184 405 3254 mosi
437 3184 635 3275 depascunt
666 3177 831 3256 humilia.
896 3180 997 3253 Vidit
1032 3182 1117 3267 lux,
1161 3182 1305 3254 volente
1358 3189 1437 3248 erat
1449 3191 1605 3250 mortem
1619 3178 1748 3263 Peleo;
1781 3184 1843 3256 sed
1860 3179 2001 3258 Chiron
2021 3187 2162 3278 depulit
2183 3188 2219 3260 ei
2242 3188 2341 3257 fatale

311 3284 416 3357 Mose
450 3285 550 3371 Clio,
588 3297 624 3357 te
650 3297 803 3379 propter
833 3283 1023 3357 victoriam
1051 3284 1230 3372 Nemeae,
1270 3295 1306 3355 et
1357 3281 1507 3366 malum,
1528 3281 1668 3374 iguem,
1690 3297 1727 3357 et
1739 3285 1886 3358 leonum
1904 3287 2340 3380 augustaetricorum

310 3385 568 3482 Epidaurium,
594 3400 630 3459 et
646 3387 908 3483 Megarensem.
1357 3381 1449 3454 llum
1470 3377 1660 3474 cohibens,
1693 3385 1786 3482 (Ser.
1801 3387 1857 3483 9.)
1881 3391 1985 3463 duxit
2004 3413 2115 3464 unam
2139 3391 2340 3466 Nereidum

1356 3483 1457 3556 Vidit
1479 3498 1514 3557 et
1537 3490 1678 3574 sedem,
1703 3490 1833 3586 inqua
1855 3492 1919 3564 Dii
1946 3497 2119 3574 seducat
2134 3495 2174 3566 ir
2199 3496 2341 3590 nuptiis,

707 3588 801 3676 Ode
830 3588 909 3675 IV.
1357 3600 1395 3658 et
1410 3591 1646 3664 ostenderunt
1660 3591 1694 3664 ei
1711 3595 1808 3665 dona
1825 3607 1864 3666 et
1877 3597 2077 3688 potentiam
2097 3597 2235 3691 singuli
2251 3599 2339 3670 iuxta

1355 3713 1459 3762 suam
1483 3705 1665 3768 naturam.
1729 3696 1835 3768 Ultra
1859 3699 1979 3777 Gades
2000 3700 2154 3774 transire
2176 3703 2227 3784 ad
2249 3724 2342 3770 occa·

369 3739 656 3812 ''immi‘'
674 3741 860 3860 ¹4⁰⁹&oe
881 3741 1001 3844 ΜΨ
1016 3743 1253 3832 ‘Mamm‘
1355 3815 1457 3878 sum,
1483 3817 1560 3866 non
1582 3809 1635 3868 est
1652 3783 1831 3891 possibile.
1882 3802 2007 3877 Reduc
2028 3803 2154 3883 navim
2168 3807 2216 3877 ad
2234 3802 2340 3876 Euro·
2392 3813 2393 3866 l

413 3889 507 3988 (Str.
526 3890 578 3986 1.)
603 3887 757 3960 Laetitia
778 3889 936 3982 optimus
952 3892 1111 3964 medicus
1137 3904 1190 3964 est
1210 3893 1303 3964 liniti
1354 3917 1460 3988 pam;
1500 3921 1575 3968 ooo
1597 3924 1744 3993 possum
1766 3902 1864 3974 enim
1884 3927 2010 3978 omnes
2035 3907 2162 3980 laudes
2182 3907 2290 3978 Aeaci
2311 3917 2341 3974 et

311 3993 467 4080 laboris,
492 4005 529 4064 et
549 3991 736 4066 Musarum
760 3991 857 4064 liliae
874 3992 979 4064 Odae
1001 3993 1190 4066 adiunctae
1212 3997 1303 4068 mul-
1355 4010 1581 4090 posterorum
1607 4003 1683 4076 eius
1704 4005 1868 4080 recitare.
1920 4006 2014 4106 (aar.
2030 4009 2107 4105 1⁰.)
2127 4008 2207 4103 Ego
2228 4021 2340 4082 aulem
2391 4001 2392 4088 i

311 4108 395 4168 cent
416 4119 508 4168 earm
567 4095 642 4170 Nec
666 4118 761 4190 aqua
781 4095 895 4166 calida
921 4095 973 4168 sic
992 4096 1082 4168 lenit
1109 4099 1301 4190 defatigata
1354 4101 1462 4189 veni,
1487 4115 1530 4174 ut
1553 4105 1728 4178 celebrem
1748 4103 2065 4187 Theandcidarum
2086 4113 2285 4187 certamina
2305 4109 2340 4180 io
2391 4093 2392 4120 i

311 4199 495 4284 membra,
519 4211 561 4269 ut
582 4197 660 4270 laus
677 4221 837 4272 consona
857 4195 1029 4270 citharae.
1080 4199 1207 4272 Sermo
1222 4202 1301 4278 diu·
1353 4201 1553 4300 Olympiis,
1585 4194 1741 4294 Isthmo,
1772 4210 1939 4301 Nemeis,
1976 4215 2037 4290 ubi
2061 4217 2339 4310 experimentum

312 4299 384 4370 tius
402 4303 511 4372 durat
531 4323 660 4393 opere,
685 4325 793 4396 quem
818 4325 899 4374 cum
915 4301 1051 4395 Gratiis
1073 4303 1194 4397 lingua
1215 4330 1301 4399 pro·
1353 4300 1547 4392 habentes,
1573 4311 1722 4384 domum
1746 4337 1822 4384 uon
1844 4315 1921 4388 siue
1940 4317 2045 4390 novis
2070 4320 2217 4393 coronis
2233 4316 2339 4390 redie-

311 4403 445 4474 iundae
475 4402 606 4474 mentis
635 4405 783 4496 profert.
857 4403 951 4494 (Str.
973 4405 1029 4500 2.)
1063 4405 1142 4478 Hoc
1164 4428 1300 4501 ponere
1351 4421 1449 4483 runt.
1505 4410 1609 4484 Hanc
1629 4425 1727 4486 tuam
1759 4417 1914 4508 patriam
1945 4421 2112 4494 audimur
2141 4423 2337 4494 ministram

311 4497 403 4574 mibi
424 4503 529 4576 liceat
545 4505 774 4596 prooemium
794 4502 924 4599 hymni
951 4505 1047 4579 lovis
1071 4523 1108 4580 et
1131 4509 1299 4597 Nemeae,
1352 4535 1425 4583 esse
1447 4515 1648 4586 carminum
1672 4515 1959 4612 triumphalium.
2010 4523 2076 4595 Sin
2099 4537 2222 4598 autem
2244 4523 2339 4596 iubes
2390 4509 2391 4584 i

160 4689 161 4694 Ἰ
310 4616 347 4676 st
367 4605 484 4676 luctae
505 4603 743 4680 Timasarcbi.
799 4607 966 4702 llecipiat
984 4622 1105 4682 autem
1125 4614 1298 4684 Aeacida·
1350 4637 1408 4684 me
1427 4613 1563 4686 Callicli
1579 4621 1756 4691 avunculo
1782 4625 1876 4718 (ser.
1894 4627 1970 4724 11.)
1982 4627 2194 4698 'columnam
2209 4647 2338 4722 ponere

308 4731 391 4780 rum
406 4709 508 4782 aedes
528 4701 598 4778 boc
615 4729 805 4780 commune
820 4710 1036 4783 lumeniure
1052 4707 1211 4806 hospitii.
1258 4717 1298 4789 si
1349 4717 1595 4790 candidiorem
1619 4720 1729 4814 Pario
1751 4725 1893 4819 lapide,
1936 4723 2005 4800 hoc
2032 4755 2180 4826 quoque
2202 4729 2337 4800 faciam.

308 4820 412 4902 pater
430 4822 513 4882 tuus
530 4809 751 4882 Timocritus
767 4807 884 4883 adhuc
899 4813 1054 4898 viveret,
1081 4841 1186 4909 saepe
1201 4815 1297 4890 hunc
1348 4817 1401 4890 Ut
1414 4845 1542 4892 aurum
1562 4835 1705 4896 coctum
1724 4830 1838 4922 magis
1850 4831 1982 4920 fulget,
2008 4821 2058 4902 ita
2081 4808 2226 4904 carmen
2247 4827 2337 4920 regi-

307 4905 484 5008 bymnum
501 4923 657 4996 caueret,
674 4912 833 4985 intentus
851 4910 934 4985 huic
948 4917 1116 4988 carmini:
1144 4933 1180 4990 et
1194 4943 1296 4992 caue-
1348 4922 1415 4993 bus
1435 4947 1541 5016 pares
1562 4925 1658 5000 lacit.
1711 4930 1778 5002 llic
1799 4931 1961 5005 Callicles
1982 4933 2074 5006 circa
2096 4928 2333 5007 Acherontem

308 5025 364 5084 ret
389 5014 591 5086 mittentem
611 5025 795 5101 catenam,
824 5015 915 5112 (Str.
931 5016 986 5111 ὅ.)
1018 5033 1229 5094 coronatum
1253 5047 1296 5094 ex
1348 5017 1534 5112 habitans,
1564 5027 1725 5104 inveniat
1757 5058 1874 5106 meam
1906 5035 2066 5129 linguam
2089 5039 2333 5114 ,celebrantem

306 5115 990 5204 certamineCleonaeo,etabAthenis,
1013 5134 1048 5191 et
1066 5125 1149 5218 quia
1161 5122 1295 5199 Thebis
1347 5126 1486 5218 ipsum,
1531 5133 1594 5225 qui
1635 5133 1758 5206 floruit
1799 5137 1890 5232 apiis
1930 5140 1969 5209 in
2011 5164 2127 5234 agone
2166 5135 2333 5236 Neptuni.

306 5218 351 5286 ad
366 5214 641 5314 Amphitryonis
663 5220 841 5292 tumulum
859 5222 1028 5294 Cadmaei
1052 5249 1132 5296 eum
1150 5251 1223 5298 non
1239 5228 1294 5300 iu·
1347 5227 1439 5322 (Str.
1458 5230 1534 5326 12.)
1560 5231 1665 5308 Hunc
1681 5233 1872 5330 Euphaues
1887 5265 1976 5317 avus
1994 5257 2077 5318 tuus
2099 5258 2214 5318 canet.
2259 5237 2334 5310 Alii
2388 5301 2389 5316 ,

338 5447 370 5516 1)
387 5451 482 5514 mat]
499 5451 543 5506 alc
557 5451 609 5508 lc
625 5453 717 5518 lma
733 5453 785 5508 ad.
798 5455 874 5509 tid&
892 5459 979 5514 corat.
1307 5505 1311 5516 .
1378 5465 1410 5530 8)
1427 5467 1611 5537 Hippolytae]
1629 5471 1671 5524 alc
1687 5473 1737 5528 aa.
1754 5473 1844 5540 lma
1863 5476 1913 5530 Ed.
1929 5477 2006 5532 tbtfi.
2041 5478 2217 5544 lllnolytsa.

2388 5363 2389 5382 l

1345 5387 1551 5404 -Ι--ι-ι-

2388 5483 2389 5506 l
