4782 6060
295 277 378 351 m
883 259 1010 370 enm
1041 261 1155 342 uun
1187 259 1394 337 somma
1425 261 1765 341 enuonoetos.
2281 269 2371 360 se,

302 452 422 520 trun
453 443 608 517 similem
633 437 747 513 Marti
767 443 807 512 in
829 440 979 536 pugnis,
1012 453 1048 512 et
1071 439 1224 512 similem
1242 439 1313 511 lul·
1364 462 1469 526 nern,
1495 437 1708 527 Hectorem,
1739 455 1776 512 et
1798 441 1889 514 alios
1912 442 2038 527 duces,
2070 440 2203 537 quibus
2224 443 2337 515 denuo-

303 553 389 648 gnei
404 552 546 622 robore
561 549 710 642 pedmm
761 545 886 617 Meum
905 555 977 630 est,
1003 545 1093 616 dare
1107 567 1186 616 eam
1202 543 1311 616 Peleo
1365 545 1461 618 tiens
1481 559 1638 620 mortem
1654 541 1828 630 Achilles,
1854 544 2029 640 Aeginam
2052 567 2154 622 suam
2177 545 2337 617 admiran-

302 655 495 728 Aeacidae
508 651 558 750 ¹¹)
578 652 794 744 coniugem,
820 673 926 742 quem
940 649 1062 720 lerunt
1077 647 1311 722 iustissimum
1364 650 1450 720 dam
1476 652 1650 721 ostendit:
1686 675 1793 746 quem
1815 673 1883 720 nec
1906 662 2092 721 mortuum
2121 648 2338 722 destituerunt

303 760 355 830 ali
373 761 414 830 in
434 781 564 852 campo
583 754 683 829 lolei.
741 753 833 854 (sir.
851 750 907 849 6.)
932 751 1030 825 Ean:
1047 764 1169 824 autern
1191 753 1313 825 nuntii
1365 752 1549 838 carmina,
1588 756 1651 827 sed
1677 755 1710 824 ei
1737 757 1784 824 ad
1807 775 1937 847 rogum
1965 751 2181 826 adstiterunt
2206 753 2338 844 virgines

304 888 394 934 mox
421 863 463 933 in
491 874 638 933 antrum
665 856 854 946 Chironis,
887 881 957 928 nec
975 857 1049 928 lilia
1071 855 1182 932 Nerei
1206 857 1312 930 nobis
1364 857 1594 946 Heliconiae,
1618 872 1654 931 et
1670 859 1845 935 fuderunt
1857 858 2031 931 celebrem
2049 855 2337 932 lamentationem.

305 991 435 1040 rursus
459 965 658 1038 certamina
671 965 856 1060 praebeat.
906 961 1067 1056 Vespere
1093 974 1213 1034 autem
1236 963 1312 1056 ple·
1364 961 1492 1034 Visum
1513 975 1566 1035 est
1586 963 1695 1056 igitur
1716 962 1815 1048 Diis,
1841 961 1961 1034 virum
1985 972 2230 1058 praestantem
2257 962 2338 1031 etiam

302 1071 462 1158 nilonii,
487 1070 606 1142 solvat
624 1071 769 1144 frenum
784 1066 1003 1162 virginitatis
1027 1067 1125 1160 apud
1140 1065 1311 1140 Heroern.
1363 1078 1549 1138 mortuum
1562 1070 1704 1140 tradere
1719 1064 1864 1164 hymnis
1880 1066 2053 1140 Deorum.
2096 1064 2190 1162 (Sir.
2204 1063 2261 1160 7.)
2278 1063 2338 1136 ldeo

303 1175 366 1247 sie
380 1175 504 1246 locuta
518 1186 573 1246 est
584 1169 737 1250 'rhemis
765 1176 812 1246 ad
827 1171 976 1246 Saturni
996 1169 1110 1252 filios:
1142 1170 1196 1241 illi
1222 1195 1310 1242 vero
1364 1183 1399 1242 et
1422 1195 1519 1242 nunc
1541 1169 1729 1246 Musarum
1758 1196 1884 1244 currus
1907 1171 2081 1260 celebrat,
2117 1183 2153 1242 et
2173 1183 2338 1266 promptu:
2373 1173 2374 1206 ³

305 1277 492 1374 palpebris
506 1290 731 1361 annuerunt;
758 1302 825 1352 nec
841 1275 951 1372 periit
969 1276 1107 1347 fructus
1120 1274 1309 1348 sermonis.
1363 1289 1417 1349 est
1439 1299 1569 1349 sonare
1591 1275 1722 1370 pugilis
1744 1277 1982 1362 memoriam,
2006 1289 2042 1346 et
2066 1300 2150 1348 eum
2167 1269 2338 1358 honorare,

302 1381 444 1456 Dicunt
467 1383 586 1469 enim,
625 1407 747 1478 regem
769 1382 929 1472 junxisse
951 1379 1097 1474 nuptias
1121 1375 1310 1464 Thetidos,
1363 1379 1427 1478 qui
1444 1392 1571 1452 nactus
1587 1395 1639 1454 est
1654 1379 1823 1452 Doricam
1843 1405 2016 1454 coronam
2041 1404 2084 1452 ex
2114 1379 2201 1474 apio
2221 1373 2339 1452 inlsth·

305 1501 343 1558 et
370 1487 469 1560 docti
493 1487 563 1558 viri
586 1485 816 1559 celebrarunt
839 1508 974 1556 novam
1002 1483 1172 1555 virtutem
1188 1480 1310 1556 Achil·
1362 1483 1467 1569 miis,
1507 1483 1591 1580 quia
1617 1485 1755 1558 ricinos
1780 1485 1885 1570 vicit,
1926 1485 2060 1557 invicte
2086 1485 2200 1556 m‘anu
2226 1487 2339 1578 fugans,

303 1590 368 1677 lis,
403 1589 491 1687 ipsis
518 1589 789 1684 ignorantibus:
831 1590 930 1688 quod
960 1601 995 1660 et
1016 1585 1175 1682 Mysium
1205 1589 1309 1684 nigra
1360 1612 1427 1659 nee
1443 1589 1636 1660 dedecorat
1650 1615 1761 1682 genus
1777 1589 1961 1684 patruelis.
2012 1587 2156 1688 Aliq'uis
2180 1588 2286 1660 etiam
2303 1589 2339 1658 io·

306 1696 441 1782 caede,
474 1693 661 1766 vitiferum
683 1719 852 1788 campum
885 1715 1142 1787 conspergens,
1184 1694 1310 1765 vulne·
1362 1717 1495 1764 venum
1513 1718 1555 1762 ex
1577 1706 1698 1788 myrto
1713 1709 1834 1766 nectat
1849 1719 2023 1767 eoronam
2046 1695 2252 1781 Cleandro,
2277 1693 2338 1790 quia

305 1812 387 1870 rato
408 1793 576 1892 Telepho
598 1799 818 1885 auerterit,
852 1793 945 1898 (ser.
966 1797 1020 1897 6.)
1046 1809 1082 1868 et
1104 1809 1309 1871 construxe-
1363 1808 1398 1868 et
1416 1820 1517 1869 nunc
1537 1795 1575 1866 in
1589 1795 1756 1870 Alcathoi
1774 1822 1888 1894 agone
1904 1799 1988 1870 felix
2003 1800 2084 1886 luit,
2110 1812 2146 1871 et
2161 1825 2244 1872 eum
2266 1799 2339 1894 prius
2375 1807 2376 1830 ¹

304 1903 353 1972 rit
385 1901 549 1972 reditum
572 1899 731 1990 Atridis,
771 1915 808 1974 et
826 1901 1003 1974 Helenam
1026 1901 1195 1988 solverit,
1227 1925 1310 1972 ner·
1360 1901 1400 1970 in
1419 1899 1604 1994 Epidauro
1644 1901 1810 1976 iuventus
1840 1904 1997 1998 excepit,
2038 1919 2074 1976 et
2096 1905 2250 2001 praebet
2278 1929 2336 1976 eun

308 2004 532 2099 vosl'l'roiae
556 2005 766 2095 excindens,
793 2006 856 2104 qui
879 2007 994 2102 ipsam
1010 2005 1164 2078 Troiam
1188 2005 1310 2080 deien-
1361 2004 1584 2077 laudandum
1630 2007 1747 2081 bonis.
1813 2007 2105 2081 Adolescentiam
2147 2009 2245 2082 enim
2283 2033 2336 2078 noo

307 2109 439 2180 derant
460 2109 682 2205 proeliantes
704 2111 744 2182 in
766 2111 911 2208 pugnis:
953 2111 1120 2184 videlicet
1143 2109 1309 2182 Memno·
1361 2108 1531 2202 ignavam
1581 2111 1621 2182 io
1669 2112 1849 2205 palaestra
1898 2111 2134 2188 honestorum
2189 2115 2334 2188 iuvenum
2376 2125 2377 2142 ²

307 2253 516 2268 ...-..-.
1362 2213 1530 2287 exercuit.

343 2313 391 2375 ts)
409 2311 563 2384 Aeneidos]
583 2316 636 2372 Ed.
655 2315 731 2372 tata.
750 2315 882 2370 Aetolus.

1071 2805 1590 2824 ····“’··“·······-·····
