4800 6080
59 265 132 346 2⁰0
461 259 619 340 IallllXI.
674 193 1083 340 sstrttttffltrarlo
1102 252 1445 352 ,OLYMPIORUM
1475 250 1686 328 PINDARI.
2022 256 2099 334 eto

56 435 215 524 habitat,
240 449 275 510 et
298 461 442 511 sorores
464 437 557 512 eius:
584 435 746 523 lustitia,
771 439 1045 509 fundumentum
1101 445 1173 518 est,
1200 431 1316 502 donec
1338 429 1373 500 ei
1387 429 1507 502 Pallas
1523 451 1674 502 aureum
1693 427 1835 500 frenum
1858 427 1989 500 attulit.
2042 427 2095 504 Ibi

55 542 215 624 urbium,
247 553 283 611 et
303 563 451 614 concors
467 541 565 624 Pax,
597 542 692 612 filiae
711 537 921 624 Themidis,
952 561 1046 633 quae
1100 559 1145 608 es
1156 535 1300 606 somnio
1316 535 1436 607 statim
1453 559 1511 606 res
1528 534 1604 628 ipsa
1624 543 1767 628 praesto
1788 531 1867 604 luit.
1927 531 2095 626 Compel-

53 659 134 717 sunt
151 645 315 716 custodes
331 669 461 738 opum:
482 644 591 739 (Aac
607 641 657 740 1.)
684 669 778 740 quae
794 642 966 716 iniuriam
982 666 1046 712 vo·
1098 637 1188 708 lavit
1201 651 1322 711 autem
1344 664 1426 711 eum
1443 637 1580 710 Pallas:
1605 633 1754 708 Dormis
1768 631 2093 726 Bellerophontes?

53 748 131 820 luut
143 769 286 830 arcere,
312 760 464 818 matrem
479 749 601 820 [astus.
1098 743 1218 834 accipe
1251 738 1322 814 hoc
1352 755 1517 839 equestre
1548 753 1822 826 ornamentum,
1856 752 1892 810 et
1915 752 2094 812 monstres
2174 823 2177 833 Ι

151 849 277 920 Habeo
295 845 468 934 honesta,
494 875 587 946 quae
602 850 742 935 dicam,
768 862 929 922 etrecta.
970 848 1046 918 Au·
1097 843 1267 939 Neptuno
1297 846 1470 917 domitori
1502 869 1698 941 equorum,
1740 855 1902 916 mactans
1935 856 2092 916 tatarum.

50 951 150 1022 dacia
167 953 294 1025 incitat
317 977 395 1038 me,
430 966 470 1026 ut
492 977 533 1024 ea
556 953 686 1026 dicam.
745 949 970 1047 Impossibile
991 963 1046 1022 cst
1097 946 1191 1045 (Str.
1214 945 1268 1046 4.)
1296 948 1393 1020 Ilaec
1415 949 1534 1020 dicere
1559 950 1594 1019 ei
1615 946 1812 1019 dormienti
1835 959 1946 1020 noctu
1969 947 2092 1022 Pallas

49 1055 228 1126 occultare
244 1055 441 1150 ingenitam
456 1068 639 1130 naturam.
691 1053 823 1144 Vobis,
849 1048 1044 1141 Corinthii,
1096 1052 1173 1124 visa
1190 1066 1254 1126 est.
1304 1052 1462 1126 Exiliens
1476 1053 1587 1146 igitur
1601 1065 1700 1122 recto
1715 1054 1827 1144 pede,
1855 1063 1891 1120 et
1913 1049 2091 1144 accipiens

46 1182 155 1252 saepe
176 1159 366 1232 victorIam
396 1161 575 1234 dedenmt
596 1159 735 1244 Horae,
778 1183 860 1233 cum
888 1159 1043 1231 virtores
1095 1178 1210 1250 prope
1232 1155 1390 1251 positum
1419 1158 1583 1250 signum,
1624 1167 1743 1226 vatem
1768 1153 1858 1224 adiit
1880 1154 2088 1248 indigenam

45 1263 193 1332 fuerunt
218 1286 300 1332 cum
324 1287 464 1336 summa
490 1263 622 1334 virtute
644 1265 683 1333 in
708 1266 816 1337 sacris
838 1261 1043 1336 certamini·
1094 1259 1310 1354 Polyidum,
1337 1273 1373 1331 et
1387 1273 1504 1332 totum
1526 1271 1696 1330 eventum
1720 1259 1753 1329 ei
1775 1257 1954 1330 narravit:
1989 1261 2089 1352 quod

45 1365 133 1448 bus,
175 1367 256 1458 (tp.
275 1363 325 1464 1.)
353 1377 389 1438 et
411 1391 581 1458 magnam
600 1368 787 1462 antiquam
813 1353 1047 1462 sapientiam)
1095 1364 1139 1433 ad
1157 1386 1260 1434 aram
1275 1362 1375 1435 Deae
1401 1363 1616 1435 dormiverit
1635 1363 1713 1455 ipso
1734 1361 1899 1447 iubente,
1932 1374 1969 1432 et
1989 1363 2087 1458 quod

43 1465 173 1538 Gloria
190 1479 311 1540 autem
327 1470 447 1562 operis
462 1481 514 1542 est
531 1495 640 1563 penes
657 1471 897 1543 inventorem.
933 1467 1041 1540 Unde
1094 1465 1214 1540 Pallas
1240 1465 1275 1538 ei
1296 1468 1436 1539 dederit
1460 1465 1560 1563 (Ant.
1577 1464 1629 1558 4.)
1643 1491 1793 1540 aureum
1811 1465 1967 1538 Irenum.
2020 1463 2088 1534 Hic

43 1584 297 1662 apparuerunt
321 1569 457 1643 Bacchi
481 1569 666 1659 Charites,
697 1597 779 1646 cum
794 1570 1039 1667 Dithyrambo
1093 1568 1214 1656 iussit,
1240 1582 1282 1642 ut
1298 1572 1483 1644 celerrime
1506 1569 1650 1642 somnio
1672 1571 1913 1661 obtemperet;
1949 1581 2086 1640 etcum

43 1672 208 1744 victore?
259 1671 307 1744 Et
323 1675 403 1770 quis
418 1676 560 1746 invenit
571 1679 691 1750 lrenos
707 1673 909 1774 equorum?
949 1674 1040 1770 Quis
1092 1674 1306 1744 mactaverit
1328 1687 1473 1747 taurum
1496 1673 1687 1766 Neptuno,
1721 1684 1836 1766 ponat
1854 1696 1955 1742 aram
1979 1696 2085 1768 eque-

42 1775 228 1869 geminam
269 1778 429 1874 aquilam
473 1780 617 1874 templis
656 1781 797 1874 primus
833 1776 1039 1872 imposuit?
1092 1776 1158 1846 stri
1181 1777 1333 1849 Palladi.
1392 1777 1652 1849 Efficitautem
1678 1777 1839 1870 potentia
1863 1775 2085 1846 divinarem

41 1879 154 1972 Apud
179 1903 244 1952 vos
271 1894 308 1950 et
330 1881 435 1954 Musa
459 1871 594 1968 'floret,
635 1897 672 1954 et
697 1884 796 1956 Mars
827 1881 1039 1978 perniciosis
1091 1879 1252 1964 facilem,
1292 1883 1337 1952 de
1359 1907 1430 1977 qua
1450 1905 1559 1952 nemo
1584 1880 1706 1952 iurare
1733 1891 1871 1982 posset,
1916 1893 1952 1950 et
1974 1903 2086 1976 quarn

39 1982 193 2076 proeliis
216 1981 400 2056 iuvenum.
452 1987 544 2080 (Str.
558 1985 613 2082 2.)
640 1987 786 2060 Summe
807 1983 964 2081 Iupiter,
990 1985 1039 2058 sis
1090 2005 1199 2052 nemo
1213 1997 1387 2078 speraret.

40 2089 166 2156 fautor
178 2086 279 2156 omni
294 2099 459 2182 tempore
474 2091 564 2163 meis
581 2091 818 2174 carminibus,
853 2104 889 2163 et
910 2111 1037 2180 regens
1190 2086 1339 2182 Accepit
1367 2087 1478 2181 igitur
1504 2085 1805 2183 Bellerophontes
1837 2089 1999 2172 lrenum,
2048 2101 2085 2161 et

38 2185 141 2260 hunc
170 2189 347 2282 populum
378 2189 456 2264 sine'
483 2192 707 2280 calamitate,
739 2195 900 2288 guberna
923 2194 1038 2264 sortu·
1090 2187 1208 2260 iunxit
1231 2191 1385 2262 maxillis
1408 2193 1491 2288 (Ep.
1509 2190 1562 2290 4.)
1587 2193 1683 2290 equi.
1748 2193 1952 2266 Conscenso
1975 2215 2083 2287 equo,

38 2316 129 2364 nam
151 2289 404 2389 Xenophontis
414 2297 431 2380 ,⁶
464 2310 500 2368 et
527 2298 646 2390 recipe
670 2295 764 2370 hanc
788 2296 1036 2369 laudationem
1089 2293 1211 2364 statim
1227 2294 1266 2365 in
1282 2295 1393 2368 armis
1406 2295 1504 2381 lusit,
1529 2321 1610 2368 cnm
1627 2293 1697 2368 hoc
1710 2310 1873 2370 sternens
1887 2294 2084 2368 exereitum

40 2419 284 2484 coronarum,
320 2422 431 2494 quam
454 2399 554 2470 ducit
573 2425 616 2474 es
633 2401 907 2494 campisPisae',
939 2411 1037 2493 post·
1090 2395 1302 2470 muliebrem
1319 2400 1547 2472 Amazonum
1572 2425 1615 2472 ex
1639 2401 1723 2473 sinu
1743 2396 1911 2472 aethereo
1933 2399 2085 2494 frigidae

40 2525 156 2598 quiam
170 2499 257 2572 vicit
271 2501 310 2572 in
324 2503 440 2574 stadio
459 2516 494 2572 et
508 2500 717 2596 pentathlo,
743 2529 836 2602 quac
852 2508 926 2576 duo
944 2503 1038 2574 nulli
1090 2497 1305 2574 solitudinis.
1370 2499 1553 2575 Interfecit
1586 2517 1623 2574 et
1648 2500 1878 2576 Chimaeram
1903 2503 2085 2576 efflantem

39 2603 254 2676 monalium
271 2617 378 2677 antea
395 2606 523 2677 eodem
539 2608 597 2678 die
613 2609 851 2702 contigerunt.
872 2607 974 2702 (Ant.
983 2607 1037 2700 2.)
1090 2601 1231 2693 ignem,
1271 2617 1307 2675 et
1329 2604 1509 2698 Solymos.
1570 2603 1627 2676 De
1656 2619 1774 2678 mone
1797 2630 1885 2678 vero
1906 2607 1982 2679 eius
2008 2631 2085 2679 non

39 2709 147 2780 Duae
161 2720 198 2778 et
211 2706 303 2779 aliae
319 2709 394 2803 apii
416 2733 572 2782 coronae
596 2737 677 2784 eum
700 2714 739 2786 in
753 2708 912 2785 Isthmiis
934 2734 1037 2780 coro-
1090 2705 1220 2778 dicam.
1273 2705 1451 2802 Pegasum
1467 2706 1603 2802 Iupiter
1616 2709 1655 2780 in
1671 2709 1812 2782 coelum
1825 2711 2020 2784 transtulit.

40 2823 236 2884 navemnt.
301 2811 377 2886 Nec
406 2811 542 2886 Nemea
582 2815 617 2887 ei
652 2817 873 2889 restiterunt.
941 2811 1038 2884 Vicit
1194 2807 1287 2904 (so.
1302 2807 1358 2909 5.)
1384 2811 1445 2884 Me
1458 2836 1546 2884 vero
1565 2813 1781 2886 iaculantem
1797 2815 1978 2887 turbinem
1995 2815 2085 2886 telo·

40 2939 151 2988 rursu
187 2925 223 2985 et
249 2928 354 3009 pater
376 2912 570 2990 Thessalus
605 2921 651 2990 ad
674 2917 867 3014 Alpheum.
925 2915 974 2987 Et
998 2916 1038 2987 in
1089 2935 1192 2996 rum,
1236 2917 1338 2987 decet
1371 2939 1447 2986 non
1476 2917 1590 2988 multa
1620 2917 1765 2990 mittere
1795 2931 1893 2990 extra
1923 2942 2084 3012 scopum.

39 3013 205 3114 Pythiis,
230 3043 304 3090 uno
320 3019 430 3094 dicet
448 3023 573 3102 eodem
596 3047 737 3108 meme,
769 3022 887 3095 stadio
914 3033 951 3092 et
972 3021 1038 3092 du·
1088 3013 1183 3086 Veni
1204 3017 1321 3105 enim,
1351 3033 1394 3090 nt
1416 3021 1590 3092 celebrem
1615 3019 1824 3096 Corinthios
1848 3024 1893 3094 ab
1916 3021 2084 3116 Oligoeto

40 3122 130 3218 plici
143 3121 273 3194 stadio.
324 3121 374 3192 Et
387 3123 426 3193 in
449 3125 585 3218 asperis
599 3123 752 3199 Athenis
771 3139 844 3199 tres
866 3125 1037 3196 victorias
1091 3133 1203 3192 ortos.
1255 3121 1453 3195 Ostendam
1474 3125 1585 3218 igitur
1607 3125 1709 3196 brevi
1732 3127 1893 3199 carmine
1915 3125 2086 3201 victorias

41 3227 197 3319 adeptus
219 3238 284 3297 cst.
336 3227 488 3322 (Epi.)
522 3228 660 3321 Septies
682 3229 770 3301 vicit
788 3230 827 3300 in
853 3227 1037 3301 Palladiis.
1091 3219 1281 3296 inIsthmo
1299 3225 1485 3300 etNemea
1511 3244 1634 3321 partas
1657 3231 1817 3300 familiae
1834 3229 2013 3323 Oligoeti,
2050 3241 2087 3302 et

40 3329 277 3401 Comitantur
292 3353 373 3400 eum
400 3343 436 3401 et
452 3333 592 3402 maiora
616 3333 831 3424 praeconia,
857 3357 938 3403 rum
954 3355 1038 3416 avo,
1092 3327 1186 3396 addo
1203 3327 1461 3403 iuramentum.
1488 3331 1655 3426 Sexagies
1672 3333 1824 3404 enimin
1838 3335 2085 3430 utroqueloco

41 3433 82 3502 in
104 3431 268 3524 Neptuni
289 3433 556 3506 certaminibus.
614 3435 729 3530 Saepe
755 3449 792 3508 et
814 3437 853 3506 in
874 3430 1038 3528 Delphis,
1091 3431 1287 3502 celebravit
1300 3431 1398 3506 Deos
1419 3458 1490 3506 vox
1512 3435 1713 3528 praeconis.
1766 3435 1868 3533 (Ast.
1883 3433 1937 3534 5.)
1959 3436 2086 3534 Olym·

42 3535 144 3606 etin
157 3535 304 3608 Nemeis
320 3536 465 3610 vicistis.
518 3537 714 3610 Multitudo
736 3540 823 3611 lacit
844 3533 936 3610 mihi
963 3562 1039 3609 cer·
1090 3533 1193 3628 picae
1215 3547 1336 3606 autem
1360 3537 1533 3610 victoriae
1551 3540 1653 3634 prius
1675 3539 1791 3612 dictae
1813 3555 1915 3628 sunt,
1946 3542 2085 3614 suturas

42 3653 189 3722 umen,
221 3652 412 3735 propterea
437 3641 536 3736 quod
560 3641 691 3716 multas
714 3655 850 3716 vestras
870 3639 1038 3712 victorias
1091 3650 1215 3730 postea
1240 3640 1412 3714 recitabo.
1473 3640 1580 3714 Nunc
1602 3669 1729 3739 spero,
1756 3643 1837 3715 Deo
1860 3646 2005 3742 quidem
2031 3645 2086 3718 iu·

43 3765 119 3812 non
142 3764 290 3834 possum
312 3745 484 3829 recitare,
522 3757 563 3816 ut
588 3769 663 3816 non
688 3747 824 3839 possim
845 3767 1038 3817 numerare
1092 3753 1219 3827 vante,
1251 3743 1281 3814 si
1306 3745 1461 3837 genuina
1483 3747 1630 3820 fortuna
1656 3751 1847 3843 procedet,
1880 3747 1956 3821 lovi
1971 3746 2085 3828 Marti

43 3845 189 3939 lapillos
211 3846 335 3918 maris.
390 3849 483 3942 (Str.
509 3849 564 3945 d.)
601 3849 773 3943 Qualibet
792 3861 913 3921 autem
936 3849 975 3919 in
997 3870 1038 3917 re
1091 3839 1161 3915 hoc
1175 3845 1386 3922 tribuemus.
1436 3847 1617 3924 Victorias
1630 3877 1717 3924 vero
1739 3853 1778 3924 in
1800 3853 1885 3945 iugo
1903 3851 2086 3936 Parnassi,

44 3951 177 4019 modus
192 3960 265 4034 est,
291 3973 398 4046 quem
413 3975 519 4023 nosse
533 3951 712 4044 optimum
729 3965 794 4026 est.
1091 3948 1197 4042 Argis
1226 3962 1262 4021 et
1286 3947 1441 4036 Thebis,
1482 3966 1518 4024 et
1552 3955 1590 4026 in
1612 3957 1768 4028 Arcadia
1795 3955 1983 4028 testabitur
2008 3979 2084 4027 ara.

148 4050 227 4144 Ego
244 4066 362 4124 autem
378 4053 527 4148 proprie
545 4055 687 4140 electus,
708 4069 749 4128 ut
761 4057 903 4150 publice
920 4053 1038 4126 dicam
1091 4052 1174 4150 (ls'p.
1191 4048 1247 4150 5.)
1263 4053 1312 4127 Et
1327 4079 1391 4148 per
1405 4049 1601 4144 Achaiam,
1626 4061 1821 4154 Aeginam,
1847 4057 2022 4141 Atticam,
2048 4068 2085 4128 et

45 4155 230 4226 maiorum
246 4156 452 4252 virtutes⁸¹)
468 4170 504 4228 et
517 4159 630 4244 bella,
655 4183 731 4230 non
747 4161 864 4230 dicam
879 4158 967 4229 falsa
995 4160 1039 4230 de
1092 4155 1274 4244 Siciliam,
1315 4160 1471 4256 denique
1497 4185 1564 4255 per
1585 4172 1701 4234 totam
1725 4163 1913 4234 Graeciam
1938 4161 2084 4245 vadens,

47 4255 238 4332 Corintho.
297 4255 471 4356 Sisyphus
492 4262 658 4333 excelluit
682 4263 880 4356 sapientia,
912 4275 947 4332 et
962 4259 1040 4330 Me·
1091 4259 1255 4334 invenies
1285 4262 1423 4334 maiora
1457 4265 1550 4337 facta
1575 4261 1868 4350 Corinthiorum,
1909 4288 2018 4360 quam
2043 4275 2086 4335 ut

45 4363 112 4432 dea
131 4377 258 4434 contra
275 4366 389 4458 patris
404 4365 627 4436 voluntatem
649 4366 791 4458 nupsit,
825 4379 861 4437 et
884 4363 1041 4436 servavit
1091 4365 1232 4458 singula
1255 4367 1484 4439 considerare
1505 4369 1631 4463 possis.
1692 4370 1761 4440 Sed
1777 4365 1914 4462 Iupiter
1934 4369 2011 4452 lac,
2043 4376 2085 4438 ut

45 4465 172 4536 navim
196 4467 296 4561 Argo
320 4481 356 4540 et
375 4467 505 4540 socios.
543 4467 661 4568 (ΛΜ.
684 4470 739 4565 d.)
773 4470 966 4541 Praeterea
994 4467 1040 4536 ad
1092 4467 1233 4538 vincam
1256 4469 1327 4540 levi
1352 4474 1464 4563 pede,
1509 4484 1544 4543 et
1564 4471 1610 4542 da
1634 4465 1726 4544 mihi
1747 4465 1923 4544 honorem
1952 4482 1988 4542 et
2006 4468 2085 4542 dul·

47 4567 202 4640 Troiam
231 4569 271 4640 iu
297 4563 456 4666 'utraque
480 4584 583 4664 parte
605 4569 878 4646 Corinthiorum
904 4569 1041 4666 posteri
1094 4595 1171 4642 cem
1187 4573 1384 4648 fortunam.

46 4671 214 4759 luerunt,
245 4674 308 4744 alii
333 4698 414 4746 cum
437 4699 568 4769 genere
589 4677 693 4748 Atrei
714 4689 916 4770 repetentes
936 4673 1041 4744 IIele·

49 4797 156 4862 nam,
193 4775 257 4846 alii
280 4790 454 4851 arcentes.
505 4779 599 4852 Nam
616 4779 814 4866 Glaucum,
849 4779 913 4875 qui
936 4799 1043 4848 vene-
1480 4778 1573 4867 ode
1589 4777 1714 4864 le,

49 4891 165 4950 rates
182 4878 312 4974 Lycia,
339 4881 514 4953 timebant
530 4883 671 4955 Graeci.
723 4883 958 4956 Gloriabatur
980 4903 1043 4950 au·
1096 4931 1316 5019 mmm
1331 4931 1549 5004 ammio
1583 4927 1658 5018 filio
1672 4929 1840 5004 cmm
1880 4923 2089 5026 σταδωῖη).

52 4990 122 5052 tem
162 4983 350 5069 Glaucus,
400 4999 542 5078 patrem
583 5011 687 5059 suum
723 4982 1043 5080 Bellerophontem
1548 4981 1561 5016 ¹
1841 4979 1852 5013 ’

52 5085 158 5157 Iuisse
180 5111 301 5180 regem
323 5085 574 5174 Corinthium,
611 5090 692 5183 (Bp.
709 5087 761 5188 S.)
787 5089 851 5186 qui
867 5088 1045 5182 Pegasum
1201 5078 1294 5176 (ser.
1314 5081 1366 5177 1.)
1393 5077 1557 5153 Charites
1585 5081 1681 5173 apud
1703 5072 1888 5173 Cephisias
1916 5104 2028 5176 aquas
2055 5090 2092 5152 et

52 5209 96 5258 ex
112 5190 284 5286 Gorgone
301 5204 427 5264 natum
445 5193 570 5264 volens
589 5195 752 5280 frenare,
785 5194 899 5266 multa
922 5214 1048 5288 passus
1100 5179 1395 5271 Orchomenum,
1436 5199 1472 5256 et
1499 5197 1663 5255 veterum
1689 5181 1897 5276 Minyarum
1922 5185 2093 5278 episcopi,

55 5359 259 5382 -n-—-
1101 5361 1309 5378 -——

89 5455 137 5516 ³¹)
154 5459 290 5524 umus]
308 5465 352 5516 sto
369 5463 417 5534 (=
435 5465 512 5518 rtur.
531 5457 689 5534 tocsano)
714 5466 763 5518 td.
779 5465 873 5533 1888.)
908 5464 959 5520 td.
973 5461 1050 5516 tm
1136 5455 1187 5524 ἃ)
1207 5457 1265 5510 ntro
1282 5457 1443 5524 cleodant,
1460 5451 1591 5516 erodat]
1609 5451 1652 5504 sle
1670 5451 1754 5504 rorte.
1769 5449 1862 5514 tm,
1881 5449 1957 5504 tto.
1972 5449 2094 5504 :etun

123 5529 260 5587 cumton.
1174 5527 1259 5578 nott.
1277 5528 1409 5582 Freroot.
1429 5523 1525 5589 lm,
1548 5523 1633 5576 esstt.
1654 5521 1746 5584 tm,
1762 5519 1795 5572 ΙΙ.
1809 5521 1904 5585 steph.
1923 5521 1999 5577 tm.
2016 5513 2095 5570 nardi

62 5609 241 5683 nciam.
262 5619 370 5685 ores.
393 5620 479 5686 Vos.
502 5619 592 5685 xttt
1532 5595 1579 5668 14
