4800 6080
311 235 389 319 aas
904 233 1417 328 ruu.,uaa.sca1rra
1450 235 1789 311 rauoaoclca
1946 237 1951 250 ·
2068 183 2076 200 “
2265 220 2358 325 m'

311 413 405 510 (aa.
420 412 475 509 d.)
501 409 577 485 Nec
600 407 738 478 Musica
762 405 811 505 ⁸⁰)
839 410 940 485 abest
970 437 990 481 a
1020 411 1184 484 moribus
1213 409 1309 505 ipso·
1466 410 1619 482 Ofiliae
1636 411 1880 496 Harmoniae,
1907 409 1978 483 huc
2002 423 2039 480 et
2058 413 2130 483 iam
2157 415 2313 506 legitimum

310 541 406 588 rum.
474 514 647 608 Undique
676 525 760 584 sunt
787 509 889 584 chori
921 515 1124 609 virginum,
1163 527 1197 585 et
1228 513 1309 586 soni
1362 517 1564 586 lleroidum
1597 527 1739 587 coetum
1769 517 1962 586 convenire
1994 515 2093 586 iubet
2120 516 2256 610 Apollo,
2285 539 2311 594 ut

309 619 411 714 lyrae
436 629 471 688 et
493 611 734 700 cithararum,
772 628 808 687 et
831 609 959 702 tibiaess
1004 630 1039 689 et
1070 643 1180 691 aurea
1203 618 1308 687 lauro
1361 615 1519 689 Themin
1537 631 1572 688 et
1587 613 1792 712 Pythonem
1809 633 1843 689 et
1857 619 2068 690 umbilicum
2084 634 2194 690 terrae
2214 627 2312 696 sanetis

310 727 431 793 tomas
444 721 608 813 ligantes,
631 715 795 790 hilariter
809 721 1066 804 convivantu13
1097 745 1163 792 nec
1177 720 1309 802 morbi,
1360 723 1466 793 initio
1484 745 1670 814 vesperae:
1712 722 1795 817 (Ep.
1814 723 1865 818 1.)
1890 735 1924 792 et
1943 719 2012 793 hoc
2028 723 2178 794 officium
2193 739 2311 816 praesta·

309 843 377 895 nec
395 835 558 896 senectus
583 833 667 894 sunt
689 822 729 891 in
751 846 793 892 ea
817 836 943 915 gente,
971 837 1007 895 et
1029 826 1108 897 sine
1123 823 1309 894 laboribus
1361 826 1406 897 tis
1427 821 1583 908 Thebis,
1622 837 1657 893 et
1684 825 1792 916 agoni
1816 821 1996 918 Cyrrhae,
2036 825 2075 894 in
2100 851 2169 921 quo
2192 823 2313 922 Thrasy-

311 939 348 998 et
367 929 444 1023 sine
474 927 605 1020 pugnis
647 921 750 1018 (aar.
767 924 821 1023 3.)
844 923 1029 1013 habitant,
1059 940 1108 998 -et
1132 926 1308 1019 effugiunt
1359 929 1471 1000 daeus
1486 941 1657 1020 paternos
1672 926 1766 999 lares
1790 928 1945 1000 celebres
1966 928 2139 1014 reddidit,
2163 929 2313 1022 imponens

300 1029 474 1102 hltricem
492 1029 676 1102 Nemesin.
1361 1033 1410 1104 eis
1437 1032 1563 1102 tertius
1594 1054 1767 1100 coronam
1794 1031 1834 1100 in
1865 1030 1977 1102 divite
2007 1043 2102 1102 terra
2126 1033 2313 1130 Pyladae¹)

411 1135 469 1203 Ad
484 1128 580 1204 hunc
598 1133 787 1202 beatorum
810 1145 951 1203 coetum
973 1134 1071 1204 venit
1088 1133 1206 1204 audax
1221 1133 1322 1204 Per-.
1360 1135 1518 1218 vincens,
1536 1133 1599 1228 qui
1614 1133 1682 1203 fuit
1695 1128 1825 1228 hospes
1836 1132 2170 1219 LaconiciOrestis,
2195 1133 2313 1234 (Stra.)

309 1259 408 1322 sens,
450 1237 687 1328 praecedente
719 1259 806 1306 vero
839 1235 1013 1318 Pallade;
1062 1249 1097 1306 et
1130 1234 1308 1306 interfecit
1361 1263 1468 1333 quem
1490 1237 1680 1306 interfecto
1704 1250 1825 1329 patre,
1850 1238 2004 1312 Arsinoe
2027 1240 2149 1309 nutrix
2170 1261 2209 1307 er
2228 1239 2313 1332 Clyte·

308 1341 538 1431 Gorgonem,
564 1349 600 1406 et
621 1335 730 1406 rediit
753 1337 907 1410 afferens
931 1352 1039 1434 caput
1053 1340 1232 1410 variatum
1249 1362 1307 1407 co·
1359 1354 1539 1417 mnestrae
1552 1339 1718 1412 manibus
1735 1365 1778 1410 ex
1793 1341 2052 1414 luctuosodolo
2070 1342 2217 1424 sustulit,
2231 1363 2314 1435 quan·

308 1442 377 1512 mis
393 1445 612 1524 draconum,
646 1440 744 1534 quod
758 1439 939 1532 lapideam
961 1455 1117 1514 mortem
1141 1441 1307 1512 insulari·
1360 1445 1408 1514 do
1419 1443 1658 1516 Cassandram
1675 1467 1755 1512 cum
1766 1446 2039 1537 Agamemnone
2059 1444 2227 1516 interfecit
2238 1465 2314 1514 saeva

307 1547 375 1616 bus
403 1543 544 1628 attulit,
584 1536 748 1636 mihique
783 1542 1076 1617 admirationem.
1149 1545 1231 1640 (Ep.
1252 1542 1307 1640 3.)
1359 1549 1503 1620 mulier.

307 1647 387 1718 Deo
402 1660 523 1718 autem
540 1645 766 1738 perficiente,
786 1641 878 1716 nihil
897 1648 1106 1720 incredibile
1121 1661 1185 1720 est.
1460 1649 1626 1744 (Auta)
1652 1647 1711 1720 An
1724 1646 1910 1743 Iphigenia
1928 1654 1974 1720 ad
1989 1650 2166 1744 Euripum
2182 1657 2313 1727 mactata,

408 1749 567 1820 Remum
595 1743 776 1834 inhibeto,
805 1764 840 1820 et
865 1750 935 1821 cito
960 1775 1133 1822 ancoram
1150 1750 1250 1844 figito
1268 1751 1307 1819 in
1358 1753 1520 1845 procula
1540 1753 1676 1848 patria,
1703 1755 1818 1824 movit
1834 1768 2000 1838 matrem,
2027 1767 2068 1824 ut
2087 1755 2245 1825 excitaret
2259 1769 2314 1839 gra·

307 1867 404 1924 terra
419 1855 463 1922 de
478 1874 603 1946 prora,
630 1876 722 1946 quae
739 1864 792 1924 est
807 1854 1073 1927 munimentum
1088 1867 1212 1925 contra
1231 1878 1307 1937 sco,-
1359 1880 1439 1926 vem
1462 1855 1584 1926 iram?
1631 1856 1690 1924 An
1720 1882 1806 1926 vero
1837 1858 1957 1929 alieno
1984 1853 2143 1928 thalamo
2169 1851 2316 1925 lascivier-

307 1957 414 2050 pulos
429 1954 636 2026 latentesin
652 1956 756 2028 mari.
782 1955 877 2028 Nam
892 1959 959 2031 flos
976 1956 1197 2054 hymnorum
1219 1955 1306 2026 aliis
1358 1971 1430 2029 tem
1466 1957 1637 2031 nocturni
1670 1961 1879 2032 concubitus
1922 1959 2142 2053 adegerunt?
2188 1953 2316 2052 quadiu

310 2060 357 2129 ad
372 2059 482 2130 alium
499 2081 703 2130 sermonem
719 2073 905 2152 properat,
925 2063 1121 2156 sicutapis.
1149 2059 1305 2156 (Stet.)
1357 2063 1555 2134 iuvenculis
1579 2061 1716 2154 nuptiis
1739 2064 1904 2134 odiosum
1937 2065 2108 2135 delictum
2136 2076 2203 2146 est,
2234 2071 2263 2127 et
2278 2076 2316 2125 ot·

305 2161 487 2257 Equidem
509 2187 614 2256 spero
639 2157 821 2234 Thessalis
852 2165 945 2235 circa
968 2166 1129 2236 Peneum
1152 2165 1305 2234 lunden·
1359 2166 1489 2236 cultari
1524 2167 1605 2262 (Ep.
1622 2164 1676 2263 2.)
1701 2165 1826 2238 alienis
1842 2167 1973 2260 linguis
1990 2191 2066 2238 non
2082 2178 2208 2261 potest.
2243 2159 2316 2230 Cives

307 2267 403 2338 tibus
429 2291 548 2337 meam
571 2266 711 2336 dulcem
736 2289 883 2350 vocem,
925 2269 1040 2362 magis
1065 2267 1306 2338 celebraturos
1359 2282 1479 2340 autem
1504 2285 1587 2342 sunt
1614 2268 1801 2354 maledici,
1837 2284 1873 2340 et
1894 2271 2055 2363 potentia
2081 2267 2190 2342 habet
2217 2263 2316 2333 mullos

310 2395 383 2445 esse
400 2369 620 2440 carminibus
634 2367 849 2462 Hippoclem
868 2368 936 2467 ⁸¹),
962 2385 1004 2444 ut
1019 2395 1124 2443 curae
1140 2373 1186 2443 sit
1202 2395 1305 2440 coae-
1358 2373 1514 2446 invidos.
1572 2373 1755 2463 Paupcres
1779 2387 1929 2444 manent
1952 2375 2079 2467 ignoti.
2146 2369 2317 2443 interfectus

308 2475 444 2558 tanais,
465 2486 500 2544 et
513 2472 715 2544 senioribus
731 2485 767 2542 et
780 2473 992 2566 virginibus.
1024 2474 1190 2548 Aliorum
1208 2473 1305 2544 enirn
1360 2489 1413 2547 est
1439 2491 1558 2548 autem
1581 2477 1855 2568 Agamemnon,
1896 2503 2060 2550 reversus
2093 2490 2177 2570 post
2203 2474 2317 2560 longum

306 2578 450 2648 animos
466 2577 529 2646 alii
545 2600 686 2648 amores
702 2577 875 2651 cruciant.
982 2575 983 2578 ¹
1357 2593 1500 2673 tempus
1519 2581 1565 2648 ad
1580 2579 1766 2671 Amyclas,
1800 2578 1892 2675 (Str.
1910 2581 1964 2679 3.)
1983 2595 2018 2651 et
2032 2579 2191 2674 perdidit
2205 2576 2317 2646 Cassan-

410 2677 512 2774 (ΔΜ.
534 2679 589 2776 4.)
613 2679 705 2751 Cum
729 2693 871 2764 autem,
913 2705 1006 2775 quae
1039 2691 1143 2750 curat
1164 2678 1306 2773 aliquis,
1358 2685 1480 2766 dram,
1505 2695 1698 2777 postquam
1723 2697 1874 2776 propter
1888 2683 2062 2754 Helenam
2086 2683 2209 2754 deletis
2222 2673 2317 2746 Troia-

307 2783 352 2854 iis
366 2785 525 2876 potitur,
549 2779 661 2853 habet
677 2784 837 2853 velocem
855 2783 1131 2853 delectationem
1148 2780 1307 2873 inprac·
1358 2786 1413 2856 nis
1428 2785 1602 2856 destruxit
1616 2775 1803 2878 opulentas
1820 2789 1959 2859 domos.
1994 2789 2140 2860 Orestes
2157 2780 2318 2856 veroiuvt·

307 2887 436 2958 sentia.
488 2887 592 2979 Quae
615 2898 736 2955 autem
760 2885 798 2954 in
822 2908 919 2956 anno
943 2887 1064 2956 futura
1088 2897 1191 2968 suut,
1223 2907 1307 2976 pro·
1358 2887 1414 2958 nis
1436 2888 1536 2956 venit
1563 2889 1608 2957 ad
1631 2886 1864 2980 Strophium,
1904 2892 1968 2987 qui
1989 2887 2168 2964 habitavit
2198 2887 2239 2956 ad
2257 2881 2318 2950 Par·

308 2991 400 3084 spici
419 3013 497 3059 non
512 3001 675 3080 possunt.
1358 2989 1456 3060 nassi
1485 2991 1626 3083 pedem.
1699 2989 1768 3064 Hic
1791 3007 1916 3086 postea
1944 3008 1979 3065 et
2008 3009 2163 3066 matrem
2192 3002 2224 3060 et
2243 2979 2318 3071 Aegl·

414 3091 566 3161 Confido
591 3091 688 3162 dulei
708 3093 887 3164 amicitiae
903 3086 1097 3175 Thoracis,
1125 3089 1189 3186 qui
1204 3112 1308 3180 expe·
1358 3088 1478 3165 sthum
1495 3094 1683 3170 interfecit.

309 3209 390 3266 tens
409 3219 529 3266 meam
553 3197 862 3282 benevolentiam,
897 3194 1015 3268 iunxit
1035 3190 1133 3266 hunc
1162 3217 1306 3263 currum
1462 3211 1563 3308 (Aug,
1587 3214 1641 3312 g.)
1677 3217 1803 3302 Certe,
1846 3215 2015 3302 9,me
2056 3215 2182 3313 perff)
2211 3203 2321 3282 deviam

309 3297 515 3386 Pieridum,
557 3323 683 3374 amans
707 3315 909 3386 amantem,
950 3302 1083 3372 ducens
1118 3298 1307 3368 ducentem
1359 3315 1523 3388 semitam
1545 3318 1726 3394 volutatus
1754 3347 1853 3405 sum,
1885 3345 1965 3391 cum
1990 3333 2097 3390 antea
2125 3331 2253 3390 rectum
2275 3307 2322 3374 iter

310 3403 495 3475 ¹³²¹¹²V⁰¹⁰·
555 3400 636 3497 (Ep.
654 3403 708 3503 4·)
735 3407 787 3476 Ui
806 3429 935 3478 ausum
960 3404 1080 3497 lapide
1104 3399 1221 3496 Lydi⁰
1250 3423 1317 3479 “fl
1360 3420 1540 3514 ingressus
1568 3423 1647 3496 sim.
1699 3426 1758 3497 An
1786 3448 1843 3492 me
1868 3436 1995 3496 ventus
2018 3437 2119 3494 extra
2141 3422 2252 3502 viam,
2278 3429 2323 3479 tel

311 3506 497 3600 ploratur,
524 3505 573 3576 ita
593 3521 628 3577 et
643 3534 745 3580 mens
759 3507 869 3579 habet
890 3532 992 3582 suam
1011 3504 1308 3604 explorationem.
1360 3525 1540 3595 marinam
1561 3527 1684 3596 navim
1708 3525 1880 3620 Proiecit,
1908 3515 2080 3598 oMnsa?
2119 3526 2189 3598 sed
2210 3520 2238 3592 si
2256 3534 2323 3586 mer·

309 3601 457 3682 Fratres
472 3610 547 3680 eius
562 3610 670 3682 etiam
684 3613 896 3696 laudamus,
921 3611 985 3706 qui
1008 3622 1141 3702 augent
1156 3601 1309 3678 Thessa·
1361 3629 1445 3698 cede
1468 3653 1593 3698 vocem
1618 3643 1718 3700 [uam
1743 3643 1948 3723 argenteam
1972 3642 2077 3722 pacta
2098 3655 2154 3716 es,
2180 3623 2259 3718 aliis
2273 3613 2322 3686 alia

312 3713 432 3782 lorum
455 3725 600 3783 statum.
650 3713 745 3786 Nam
767 3715 981 3807 gubernatio
1004 3714 1042 3783 in
1062 3712 1179 3806 patria
1204 3710 1309 3780 bonis
1340 3709 1522 3801 'carmina
1546 3735 1725 3804 movenda
1756 3745 1880 3819 erunt,
1929 3737 2008 3824 (Ep,
2024 3731 2079 3829 3,)
2102 3731 2198 3827 patri
2224 3713 2323 3795 victori

314 3817 564 3888 ‘timendam
580 3828 644 3888 ⁰⁵¹·
1362 3846 1425 3904 aut
1439 3831 1694 3928 Thrasydaeo,
1720 3862 1875 3933 quorum
1891 3836 2027 3905 laetitia
2045 3849 2080 3906 et
2105 3834 2217 3928 gloria
2235 3825 2323 3919 splen·

1362 3938 1433 4008 det.
1466 3937 1630 4010 Victores
1647 3941 1809 4011 curribus
1826 3941 1865 4008 in
1880 3938 2061 4032 Olympiis
2078 3939 2267 4010 claritatem
2280 3921 2324 3994 hl·

713 4053 805 4139 ode
836 4057 914 4142 xl·
1361 4041 1537 4123 buerunt;
1571 4039 1662 4136 (Str.
1680 4041 1733 4140 4.)
1751 4054 1785 4114 et
1801 4043 1839 4112 in
1853 4036 2018 4136 Pythone
2034 4045 2125 4113 nudi
2144 4032 2326 4111 descendeu-

618 4155 624 4164 '
1227 4220 1234 4237 ⁸
1363 4155 1414 4214 tes
1439 4143 1478 4212 in
1503 4145 1658 4216 ‘stadium
1683 4146 1846 4216 vicerunt
1874 4155 2030 4216 caeteros
2052 4145 2209 4218 Graecos
2236 4151 2325 4206 cursu·

357 4223 414 4292 Ti
426 4247 444 4291 Γ
452 4223 640 4313 “Wd‘m
658 4221 813 4292 Theb‘l'w
827 4245 932 4312 imm
949 4224 1069 4290 ”milri
1089 4221 1126 4288 *Ἦ
1143 4220 1265 4288 ''iadw'
1362 4245 1545 4318 Divinitas
1561 4249 1717 4342 optarim
1736 4275 1778 4320 ex
1797 4249 1902 4320 bonis
1915 4248 2098 4341 possibilia
2118 4246 2157 4318 in
2173 4247 2241 4316 vita
2257 4253 2326 4305 mea·

1361 4345 1552 4422 inveniens
1575 4352 1732 4422 enimin
1756 4351 1904 4424 urbibus
1927 4351 2124 4442 mediocria
2147 4337 2327 4424 diutiossso·

1363 4478 1462 4539 rere,
1501 4478 1627 4527 accuso
1653 4457 1837 4552 fortunam
1865 4469 2116 4550 tyrannorum.
2180 4449 2271 4546 (Ant.
2289 4431 2327 4528 l.)

1364 4557 1558 4628 Communi
1573 4558 1704 4628 virtute
1720 4569 1907 4630 contentus
1922 4584 2014 4631 sum.

319 4699 453 4790 padum
471 4696 673 4788 penetrale,
698 4697 794 4788 apud
807 4697 957 4768 fluvium
973 4693 1187 4782 Ismeniam,
1214 4695 1311 4789 quod
1466 4675 1583 4747 Invidi
1598 4702 1662 4750 soa
1679 4677 1839 4772 ipsorum
1857 4690 1957 4770 peste
1974 4677 2187 4771 puniuntur.
2222 4669 2254 4742 Si
2269 4657 2327 4776 quis

318 4801 450 4892 Apollo
479 4799 691 4868 excellenter
717 4794 940 4884 honoravit,
989 4797 1089 4894 (Ant.
1107 4800 1159 4895 1.)
1187 4811 1223 4869 et
1246 4823 1312 4868 no·
1363 4779 1569 4874 pervenerit
1591 4783 1637 4852 ad
1661 4794 1859 4854 exlrfflmlm
1885 4782 1930 4850 ad
1954 4795 2109 4867 melam,
2136 4792 2172 4850 et
2192 4771 2328 4860 effssdffli

318 4902 472 4974 minavit
494 4887 710 4986 ismenium,
745 4926 868 4972 veram
895 4905 1015 4975 sedem
1045 4903 1312 4975 vaticiniorum.
1364 4883 1556 4971 iniuriam,
1594 4897 1629 4954 el
1648 4887 1792 4955 landem
1817 4883 1955 4977 Placide
1981 4883 2156 4967 moritur,
2195 4879 2222 4949 5⁵
2244 4869 2328 4942 ‘⁰¹¹⁰‘

1364 4987 1444 5082 quit
1458 4986 1539 5059 filiis
1554 4987 1627 5059 suis
1639 4986 1773 5060 bonam
1787 4989 1941 5073 famam,
1964 5011 2056 5083 quae
2071 4997 2213 5082 superat
2229 4989 2328 5048 omnes

1364 5088 1526 5174 divitias,
1562 5087 1644 5186 (Ep.
1659 5089 1712 5190 4.)
1733 5117 1824 5188 quae
1845 5087 1971 5186 Iphicli
1997 5091 2110 5163 filium
2135 5085 2264 5159 lolaum
2286 5093 2328 5146 el·

353 5219 402 5286 2⁰)
426 5218 544 5288 Musica]
575 5221 617 5272 sio
634 5221 720 5274 nutu.
747 5222 843 5286 1558,
872 5221 964 5286 teda,
998 5223 1031 5278 ll.
1057 5223 1169 5290 steph,
1202 5224 1312 5288 lleync,
1366 5257 1580 5278 ...d-.-

389 5291 526 5342 lloecldt.:
545 5293 624 5340 Musa
644 5289 691 5356 (=
710 5290 790 5343 Plud.
808 5290 932 5356 Μοῖσα).

353 5405 594 5528 squamam]
622 5407 662 5458 stc
679 5407 766 5462 natta.
782 5409 874 5492 asse,
900 5409 994 5472 aaran
1019 5408 1123 5476 asyau
1141 5412 1168 5461 et
1186 5409 1315 5465 noema
1397 5377 1446 5444 ²²)
1466 5377 1606 5442 ΝΜ]
1630 5377 1672 5429 ⁸¹⁰
1690 5377 1740 5428 ¹⁹¹¹·
1758 5377 1852 5444 ¹⁵⁵⁸·l
1871 5377 1921 5430 Μ·
1935 5375 2011 5430 ¹⁵⁶⁸·
2039 5375 2154 5442 mli

419 5481 523 5541 torpa:
542 5477 739 5544 ltlppoclcan3
758 5477 837 5532 Ptnd.
857 5477 1011 5533 maalle.
1398 5479 1446 5548 2³)
1464 5483 1527 5546 pet]
1547 5483 1588 5533 stc
1605 5483 1656 5534 ild.
1675 5483 1749 5538 1⁶63.
1760 5499 1768 5548 ;
1791 5483 1841 5534 Ed.
1854 5482 1930 5538 1558.
1950 5481 1994 5547 qet
2014 5493 2070 5546 per.

422 4389 513 4482 (Str.
534 4387 583 4481 1.)
615 4387 743 4458 Cadmi
768 4388 882 4472 filiae,
914 4387 1053 4458 Semele
1075 4385 1172 4457 socia
1198 4385 1311 4455 coele-

317 4492 446 4574 stium,
473 4503 507 4559 et
522 4489 586 4560 Ino
601 4493 827 4560 marinarum
845 4489 1042 4562 Nereidum
1058 4490 1166 4574 socia,
1191 4490 1311 4560 adeste

319 4619 399 4666 cum
418 4617 589 4685 generosa
607 4592 768 4664 Herculis
785 4606 921 4680 matre,
957 4594 1004 4663 ad
1029 4617 1223 4665 aureorum
1248 4592 1312 4661 tri-

322 5091 528 5112 ουκ-ιω*
