4800 6080
62 269 136 346 tea
470 263 625 342 Lxxxt.
686 263 1086 340 lNTERPllETATlO
1121 259 1455 334 OLYblPlOilUbl
1486 255 1697 336 emnem.
2034 257 2107 334 2⁹4

57 457 110 514 tes
135 437 322 534 decipiunt
339 437 485 514 {abulae
508 439 705 510 fabricatae
728 439 933 512 mendaciis.
986 433 1055 510 Cu·
1108 449 1227 520 retur,
1252 434 1388 527 gloriae
1406 433 1556 528 erpere?
1605 433 1684 526 Ego
1706 445 1890 504 certamen
1904 433 2108 527 aggredior,

56 544 120 638 pio
137 567 262 615 verum
279 564 495 614 maronem.
523 541 617 636 (Str.
629 545 685 640 2.)
711 543 782 616 Sed
798 544 937 628 Gratia,
962 565 1056 639 quae
1109 551 1147 610 tu
1171 541 1344 632 praebeto
1367 552 1509 632 gratnm
1532 551 1714 611 eventum.
1774 537 1832 610 Sic
1853 538 1943 608 dixit
1961 537 2106 631 Pelope,

55 649 142 720 facit
158 645 448 718 omniaiucunda
468 642 694 732 hominibus,
730 649 846 720 adfert
864 643 1056 731 bonorem,
1108 663 1173 714 nec
1188 641 1290 714 irrita
1306 643 1376 713 fuit
1389 642 1534 736 petitio,
1557 667 1600 712 ac
1613 640 2106 734 laetificansDeuaPolopem,

56 750 213 834 etfacit,
237 762 277 820 ut
299 748 491 820 credantur
510 749 746 822 incredibilia.
803 751 873 822 Sed
894 752 1055 820 futurum
1108 745 1209 816 dedit
1238 747 1273 816 ei
1300 768 1446 818 currum
1477 769 1629 818 aureum
1672 759 1708 818 nt
1749 746 1944 818 indefesso·
1982 769 2106 841 σφα.

55 867 198 946 tempus
212 851 342 944 retegit
364 851 562 924 mendacia.
614 852 726 924 Decet
750 867 869 926 autem
890 849 1056 926 homines
1108 849 1200 944 (Str.
1225 849 1279 946 4.)
1316 849 1420 944 Cepit
1453 849 1563 942 igitur
1596 850 1755 922 validum
1785 850 2036 934 Oenomaum,
2071 861 2108 920 et

53 959 100 1028 de
118 955 196 1028 Diis
210 947 361 1028 honesta
377 955 507 1026 dicere.
561 953 723 1052 Minor')
746 957 842 1031 enirn
863 959 967 1054 culpa
992 968 1055 1028 est.
1108 951 1283 1046 virginem
1301 955 1508 1047 coniugem,
1533 976 1626 1049 quae
1642 954 1784 1048 peperit
1797 978 1857 1026 sex
1872 953 1983 1038 filins,
2007 951 2107 1047 prin·

51 1058 124 1130 Fili
140 1057 306 1142 Tantali,
334 1080 399 1150 ego
417 1071 451 1129 te
468 1057 624 1132 laudabo
645 1059 749 1130 aliter
771 1087 880 1156 quam
904 1061 1055 1154 prioroe.
1108 1055 1203 1148 cipes
1220 1057 1390 1128 virtutem
1406 1071 1583 1130 curantes.
1635 1058 1740 1130 Neue
1763 1057 1858 1128 inter
1876 1057 2034 1150 sepultos
2055 1056 2107 1126 ia-

52 1163 212 1260 Quando
234 1161 376 1232 vocavit
397 1158 494 1233 Deos
519 1175 624 1254 pater
644 1165 688 1233 ad
714 1163 892 1258 legitimas
921 1165 1056 1260 epulas,
1108 1173 1184 1245 eet,
1217 1161 1264 1230 ad
1285 1158 1488 1255 Alpheum,
1523 1164 1619 1252 apud
1644 1186 1744 1232 aram
1767 1161 2107 1257 frequentitoimam,

51 1267 159 1338 etad
184 1263 366 1358 Sipylum,
406 1276 447 1335 ut
469 1264 622 1337 vicissim
647 1267 749 1338 daret
780 1267 859 1340 Diis
885 1293 1055 1340 coenam:
1108 1275 1144 1332 et
1177 1263 1330 1358 adspicit
1364 1266 1605 1338 celebritatem
1632 1264 1906 1359 Olympicorum
1943 1263 2107 1336 certami-

50 1385 140 1440 tunc
156 1367 364 1460 Neptunum
383 1363 485 1462 (Aac.
497 1367 551 1466 2.)
567 1369 744 1455 desiderio
763 1371 817 1442 tui
830 1373 1056 1465 flagrantem,
1107 1369 1217 1452 num,
1242 1367 1306 1438 ubi
1320 1367 1489 1442 velocitas
1505 1369 1639 1460 pedum
1655 1381 1789 1452 certat,
1817 1381 1853 1440 et
1869 1370 1979 1462 ⁴ridor
1999 1371 2107 1442 roba⁴

49 1473 113 1540 aio
132 1483 167 1540 te
182 1472 342 1563 rapuisse
357 1470 520 1544 inaurea
537 1497 665 1557 curru,
697 1476 744 1546 ad
766 1472 1073 1551 summamlovia‘
1107 1469 1169 1542 rie.
1220 1469 1480 1546 Victorautem
1498 1485 1622 1564 postea
1638 1472 1677 1542 in
1691 1472 1828 1542 mellita
1847 1471 2106 1568 tranquillitate

47 1577 224 1657 domum,
252 1596 324 1668 quo
343 1584 378 1642 et
399 1586 522 1668 postea
539 1575 767 1670 Ganymedes
792 1579 890 1650 venit
906 1563 983 1649 loii
1010 1575 1055 1646 ad
1109 1573 1218 1658 vivit,
1249 1575 1351 1668 (Ant.
1368 1575 1423 1673 l.)
1449 1589 1598 1669 propter
1622 1576 1794 1646 victoriae
1815 1578 1988 1668 praemia.
2048 1575 2106 1648 Sic

45 1681 148 1746 idem
166 1674 416 1746 ministerium.
468 1675 667 1776 Postquam
694 1703 780 1751 vero
806 1707 881 1754 non
907 1706 1055 1783 conspe·
1107 1701 1249 1769 semper
1262 1679 1302 1748 id
1315 1681 1452 1752 bonum
1469 1703 1650 1754 summum
1666 1679 1816 1764 dieitur,
1843 1681 1941 1775 quod
1962 1679 2025 1750 illo
2047 1679 2106 1750 die

46 1795 130 1852 ctus
148 1805 205 1864 es,
231 1791 350 1849 necte
370 1781 416 1849 ad
431 1793 582 1852 matrem
600 1785 819 1860 reduxerunt
838 1776 916 1869 itti,
934 1783 997 1882 qui
1021 1793 1055 1859 te
1108 1782 1321 1873 contingit,
1347 1808 1421 1878 quo
1448 1786 1605 1856 fructum
1636 1783 1854 1875 percipimus
1880 1781 2107 1876 superiorum

45 1883 326 1980 quaesiverunt,
353 1881 443 1954 dixit
459 1883 588 1981 aliquis
602 1885 692 1956 clam
710 1913 752 1959 ex
769 1889 900 1960 invidis
916 1885 1055 1976 vicinis,
1107 1883 1287 1958 laborum.

44 1983 151 2084 quo'd
175 1985 210 2056 in
235 2009 328 2081 aqua
350 1985 511 2058 fervente
536 1987 656 2078 gladio
681 1993 841 2062 membra
871 1991 1055 2068 dissecuis-
1209 1987 1390 2060 Manere
1425 2013 1601 2062 coronare
1633 1992 1806 2062 victorem
1841 1993 1998 2087 equestri
2030 1994 2107 2086 lege

43 2105 148 2176 sent,
176 2089 267 2161 etin
282 2089 415 2161 mensis
434 2089 590 2163 minutas
606 2116 730 2168 carnes
752 2108 831 2167 tuas
855 2095 1055 2168 distribuis·
1106 2091 1256 2164 beolieo
1279 2092 1442 2171 carmine
1465 2107 1622 2186 oportet.
1682 2095 1834 2168 Confido
1851 2095 1969 2181 enim,
1992 2095 2107 2167 nemi·

46 2205 133 2268 seut
153 2203 190 2263 et
204 2192 452 2264 comedissent.
875 2214 879 2224 ·
987 2195 990 2211 '
1107 2219 1190 2264 nem
1212 2221 1317 2289 posse
1343 2221 1401 2268 me
1423 2197 1573 2269 laudere
1597 2198 1709 2270 alium
1734 2200 1850 2293 magis
1876 2201 2106 2272 ercellentem

154 2294 237 2394 (ep.
253 2296 307 2399 2.)
334 2291 529 2368 Mibivero
546 2295 829 2385 absurdumest,
856 2301 974 2374 dicere
991 2299 1055 2370 ali·
1106 2299 1254 2370 scientia
1284 2296 1531 2376 bonestorum.
1547 2325 1669 2374 rerum
1706 2316 1742 2374 et
1771 2303 1934 2397 potentia
1967 2327 2107 2388 comm,

43 2422 160 2500 quem
177 2397 338 2469 Deorum
356 2422 432 2471 esse
444 2395 657 2486 helnonem,
691 2403 776 2502 quia
799 2407 972 2476 damnum
996 2430 1055 2474 co·
1108 2403 1171 2496 qui
1187 2427 1284 2474 neenc
1299 2419 1402 2489 sunt,
1427 2429 1536 2501 quam
1552 2405 1762 2478 Hieronem.

45 2503 204 2574 mitetur
221 2501 346 2572 erebro
363 2503 570 2575 maledicos.
623 2504 660 2576 Si
675 2531 782 2603 quem
798 2501 983 2580 hominem
992 2503 1054 2578 Dii
1207 2503 1459 2606 Deusbuetoq,
1485 2531 1701 2582 conservam
1727 2523 1825 2584 tuam
1848 2509 2022 2600 gloriam,
2047 2535 2107 2581 cu-

44 2605 345 2690 bonoraverunt,
368 2599 709 2684 fuitbic'l'anlalus.
745 2608 815 2682 Se'd
831 2627 1054 2709 concoquere
1106 2619 1167 2678 rat
1179 2619 1259 2681 tuas
1273 2609 1544 2682 sollicitudines.
1596 2611 1782 2684 liicsime
1803 2635 1880 2684 uon
1904 2613 1976 2684 cito
2001 2614 2106 2684 deoti-

43 2733 222 2804 magnam
249 2707 454 2780 felicitatem
479 2735 553 2781 non
580 2713 709 2809 potuit.
775 2714 970 2787 Saturitate
997 2739 1054 2784 ac·
1107 2723 1203 2798 tuet,
1228 2732 1336 2806 spero
1351 2737 1408 2784 me
1429 2713 1688 2810 dulciori'OEp.
1704 2713 1759 2811 4.)
1779 2713 1940 2786 carmine
1961 2727 1996 2786 te
2018 2717 2108 2786 oele·

46 2816 149 2908 cepit
167 2835 339 2904 magnum
363 2813 557 2900 damnum,
586 2813 785 2910 ntlupiter
808 2820 840 2889 ei
863 2845 972 2912 supra
998 2843 1054 2888 ca·
1106 2817 1296 2888 brammm
1314 2841 1411 2902 eoae,
1438 2841 1519 2888 cum
1542 2817 1581 2888 in
1608 2843 1717 2894 curru
1739 2816 1847 2890 celeri
1870 2821 2037 2890 accedam
2060 2817 2107 2888 ad

45 2931 118 3012 put
133 2913 361 3008 suspenderit
381 2916 562 3008 lapidem,
594 2945 704 3016 quem
727 2945 868 3016 semper
893 2923 1054 3016 cogitans
1105 2913 1412 3016 lovisiemplum,
1439 2921 1585 2993 interita
1605 2923 1769 2996 materia.
1820 2918 2034 2996 Mibiltluea
2058 2935 2108 2995 te·

45 3020 284 3112 delapsurum
304 3042 394 3115 ¹esse
427 3021 466 3089 in
498 3034 626 3115 caput,
675 3025 869 3095 aberrata
906 3025 1054 3098 laetitia.
1105 3023 1349 3120 lutbp'raebet
1364 3025 1637 3102 validissimum.
1688 3027 1763 3105 atii
1781 3027 1860 3100 aliis
1875 3029 1985 3101 rebus
1999 3029 2110 3099 encel-

45 3121 212 3218 (Stra.)
231 3119 349 3192 Habet
364 3135 485 3194 autem
499 3124 667 3196 miseram
682 3129 798 3197 vitam
811 3128 1055 3201 etaemmno·
1105 3127 1197 3200 lunt.
1250 3129 1439 3202 Summum
1455 3154 1546 3202 vero
1558 3133 1736 3206 decusest
1760 3157 1898 3224 regum.
1957 3132 2012 3206 Ne
2033 3159 2109 3203 ma·

46 3249 150 3309 sam,
184 3247 263 3295 cum
286 3225 401 3298 tribus
425 3239 596 3322 quartum
617 3231 799 3302 laborem:
836 3255 915 3302 cum
932 3230 1055 3304 lxiona
1108 3231 1185 3301 iora
1215 3247 1378 3326 appetas.
1430 3233 1627 3328 Contingat
1650 3237 1717 3306 tibi
1740 3237 1778 3306 in
1797 3248 1873 3307 tota
1898 3236 1971 3306 vita
1995 3241 2109 3309 ereel·

45 3328 232 3423 implicito
255 3337 374 3412 rotae',
413 3353 493 3422 cum
518 3331 654 3428 Tityo,¹
686 3333 748 3428 qui
772 3333 915 3429 roditur
937 3363 956 3406 a
977 3339 1056 3408 vnl-
1106 3334 1199 3417 lere;
1225 3331 1315 3406 nrilri
1333 3363 1440 3422 vern,
1464 3338 1679 3410 familiarem
1697 3361 1770 3412 ease
1785 3339 1999 3427 victoribus,
2025 3367 2108 3412 con-

47 3447 152 3517 ture,
164 3519 170 3530 ·
181 3433 280 3528 quod
295 3432 432 3504 furatus
447 3434 546 3526 dedit
567 3436 776 3530 aequalibus
799 3437 871 3510 suis
894 3439 1056 3511 convivis
1106 3438 1232 3530 opicuo
1249 3463 1316 3532 per
1328 3440 1519 3512 Graeciam
1537 3455 1687 3536 propter
1703 3441 1927 3537 sapientiam.

45 3547 179 3607 nectar
206 3546 246 3604 'et
273 3537 513 3622 ambrosiam,
552 3540 745 3635 inquibus
770 3543 963 3614 rebnsDii
990 3543 1055 3614 im·
1568 3592 1571 3604 ·

51 3637 314 3710 mortalitatem
332 3649 540 3732 posuerunt.
842 3673 845 3680 ·
1079 3677 1084 3808 p
1523 3641 1615 3729 Ode
1636 3644 1690 3729 ΙΙ,

158 3741 198 3810 Si
214 3741 296 3836 quis
312 3742 444 3815 faciens
460 3745 593 3830 scelus,
616 3760 721 3840 pertat
741 3747 777 3818 id
796 3743 913 3838 Deum
932 3747 1056 3834 latire,

50 3857 163 3916 errat.
216 3841 301 3914 ldeo
318 3841 380 3913 liii
396 3849 612 3920 remiserunt
627 3851 798 3946 Pelopem
818 3855 863 3922 ad
878 3849 1056 3936 homines,

52 3951 111 4018 rui
146 3947 192 4016 ad
221 3945 408 4018 florentem
434 3966 608 4038 aetatem,
644 3977 723 4026 cum
749 3955 881 4052 lanugo
911 3953 1055 4048 nigrum
1210 3945 1305 4042 (ste.
1323 3947 1374 4044 1.)
1402 3945 1538 4041 Hymni
1554 3963 1744 4040 regnantes
1758 3948 1796 4018 in
1817 3945 1974 4034 tillim,
1999 3975 2106 4046 quem

52 4055 84 4122 ei
113 4063 284 4120 mentum·
308 4053 525 4141 coronabat,
564 4059 704 4128 curam
727 4050 873 4153 piratae
900 4059 1056 4152 nuptias,
1101 4046 1263 4122 'hemum
1287 4061 1353 4120 ³⁰²
1373 4075 1483 4146 quem
1506 4049 1624 4122 Virum
1648 4052 1973 4144 interregiblw?
2024 4053 2107 4126 Pit!

52 4161 158 4244 (dnl-
188 4153 242 4250 8.)
284 4165 325 4224 ul
366 4151 515 4228 baberet
553 4159 726 4255 inclytam
762 4159 1057 4256 llippodamiam,
1107 4152 1255 4249 quidem
1272 4149 1384 4238 livis3
1411 4153 1642 4250 Olympicum
1657 4180 1744 4227 vero
1758 4167 1940 4226 certarnen
1954 4156 2109 4244 instituit

51 4259 166 4326 titiam
187 4257 388 4343 Oenomai,
410 4263 504 4353 regie
521 4261 637 4336 Pisae,
689 4263 808 4338 Noetu
824 4281 942 4338 aurem
961 4267 1057 4340 sotus
1110 4257 1299 4342 Herculeo,
1324 4257 1505 4350 primitiae
1515 4258 1715 4350 spoliorum
1738 4257 1835 4330 belli.
1885 4254 2107 4330 SedTbaro-

54 4363 102 4430 ad
119 4380 222 4430 mare
239 4363 427 4448 accedens,
453 4366 606 4437 vocabat
623 4366 852 4461 Neptunum,
888 4370 1059 4466 quimox
1111 4385 1193 4437 nem
1208 4363 1350 4434 sonabo
1365 4375 1515 4455 propter
1539 4363 1727 4432 victoriam
1751 4383 1942 4444 curruum,
1973 4361 2107 4436 iustum
2145 4437 2151 4458 ,

56 4463 230 4556 apparuit
256 4465 301 4538 ei.
370 4465 471 4538 Dixit
492 4481 619 4540 autem
644 4471 796 4566 Pelops:
838 4473 876 4546 Si
901 4473 965 4544 tibi
989 4469 1059 4544 boc
1111 4461 1310 4558 immilem,
1335 4488 1481 4537 mutum
1502 4465 1709 4556 Affllssffllls
1740 4461 1918 4533 mltffiflm
1941 4466 2110 4558 Pwflssssl·

56 4567 266 4658 coniugium
297 4567 447 4662 placet,
496 4569 672 4667 impedias
704 4572 844 4649 hastam
877 4575 1059 4648 Oenomai
1112 4582 1232 4641 torum
1257 4569 1405 4653 florem,
1444 4581 1621 4640 rectorem
1645 4565 1809 4639 urbium:
1850 4562 1951 4661 (Ant.
1968 4569 2020 4666 1.)
2047 4569 2109 4664 qni

56 4695 229 4756 aeneam,
253 4692 385 4768 meque
401 4673 562 4747 in'mrru
582 4678 770 4750 celerrimo
794 4682 903 4752 ducas
927 4683 973 4752 ad
990 4679 1060 4751 lle.
1111 4673 1363 4768 progenitores
1377 4672 1562 4761 defatigati
1578 4683 1800 4764 occuparunt
1813 4690 1952 4759 saetam
1970 4673 2109 4755 unbem,

56 4773 176 4861 liden,
210 4782 245 4842 et
270 4771 358 4844 mibi
379 4778 466 4847 dato
489 4779 697 4868 victoriam,
730 4795 922 4880 postquam
945 4786 1060 4855 trede-
1112 4779 1245 4848 dictam
1272 4801 1293 4846 a
1317 4777 1429 4848 fluvio
1449 4777 1663 4866 Acragante.
1729 4773 1777 4844 Et
1799 4773 1947 4843 luerunt
1968 4773 2109 4844 Siciliae

57 4877 130 4946 cim
157 4877 278 4971 procis
308 4879 523 4966 interfectis,
563 4883 684 4956 differt
713 4889 869 4982 nuptias.
901 4885 983 4985 (Ep.
1006 4887 1060 4986 S.)
1085 4917 1088 4976 5
1113 4881 1255 4964 curlus,
1281 4905 1373 4976 quos
1389 4881 1572 4950 fortunata
1589 4889 1687 4950 aetas
1709 4877 1871 4958 ornavit,
1904 4877 1995 4947 dans
2019 4875 2110 4948 divi-

58 4979 133 5052 Res
148 4983 348 5074 periculosa
365 4986 524 5078 postulat
540 4988 656 5059 virum
673 5011 749 5061 non
767 4991 946 5063 timidum.
985 5016 990 5032 ·
1014 5007 1018 5030 ¹
1037 5008 1041 5026 ·
1085 4984 1088 5079 ξ
1113 4987 1183 5057 tias
1195 4999 1233 5054 et
1248 4987 1410 5054 favorem
1426 5007 1507 5052 urm
1525 4982 1647 5051 nativa
1666 4981 1809 5052 virtute.

165 5085 256 5155 Germ
283 5093 410 5158 autem'
428 5089 591 5185 alioquin
615 5115 755 5168 necesse
779 5097 963 5180 sit'mori,
998 5116 1062 5166 cur
1085 5086 1103 5154 ¹.
1134 5145 1137 5153 .
1216 5085 1424 5181 Olnpitar,
1462 5083 1525 5178 qui
1549 5085 1708 5177 possides
1728 5080 1878 5177 Olympi
1899 5082 2040 5164 sedem,
2076 5091 2113 5149 et

63 5185 332 5284 aliquissedens
349 5191 385 5259 in
402 5192 577 5280 tenebris,
609 5197 758 5270 obscura
779 5214 920 5272 senecta
945 5223 1062 5270 mace·
1086 5241 1089 5270 t
1110 5192 1353 5264 nertaminum
1382 5189 1571 5274 verticem,
1613 5201 1649 5258 et
1678 5187 1813 5258 flumen
1836 5179 2037 5278 Alpheum,
2078 5193 2114 5252 ‘l

107 5333 115 5338 ·
1086 5295 1310 5387 :aetnam-
1334 5291 1581 5376 carminibas,'
1617 5291 1780 5383 benigne
1802 5289 1957 5384 patrium
1973 5293 2112 5358 curato

1299 3793 1495 3864 nerone·
1516 3798 1745 3888 Apripeatiao
1773 3791 1924 3896 ἅρματι.

105 5387 133 5448 n
149 5393 254 5454 tttnor]
273 5359 472 5448 etc'nestosa.
497 5403 526 5449 et
545 5393 672 5450 ttoeclrbii
699 5401 915 5464 interpretatio.
945 5414 1017 5468 queo
1035 5401 1063 5451 tn

135 5463 618 5598 wi'tiilitiiuitffim'
633 5469 665 5522 η
686 5471 770 5521 m
783 5471 813 5521 ιι
839 5487 864 5536 ¹''
876 5471 911 5524 ῃ
924 5481 987 5538 ‘lq'
1012 5483 1063 5522 ⁶¹⁸
1087 5503 1092 5600 ξ
1115 5531 1176 5576 seu
1194 5504 1337 5588 iniuste,
1363 5499 1452 5574 llaec
1465 5513 1618 5594 tempus,
1633 5498 1797 5570 omnium
1812 5509 1926 5588 pater,
1943 5517 2017 5564 non
2032 5513 2114 5582 pos·

67 5609 249 5681 murare.
272 5617 378 5682 Oeen.
403 5617 487 5682 Vou.
510 5618 600 5683 xlx.
1554 5603 1601 5674 1³

1087 5402 1090 5498 i
1114 5404 1197 5495 (Q)-
1218 5398 1269 5498 b)
1285 5398 1448 5492 pecuda.
1501 5395 1605 5489 Quae
1618 5419 1706 5466 vero
1721 5395 1812 5463 facea
1831 5403 1916 5463 eunt
1938 5413 2001 5461 eeu
2024 5389 2114 5458 ium
