4850 6094
325 235 403 316 att

327 414 515 510 magnifiee
537 413 581 482 de
606 435 643 482 se
666 407 827 481 sentiunt
849 429 891 478 ac
915 406 1144 500 praedicant:
1187 405 1322 504 ubique

328 518 443 592 videri
459 518 588 587 volunt
602 536 772 608 regnare,
806 513 846 581 in
869 509 983 598 aulis,
1012 511 1051 580 in
1074 507 1253 599 consiliis,
1285 510 1324 580 in

328 626 436 696 rebus
460 619 627 690 omnibus
650 615 834 710 gerendis,
877 613 1089 709 praesertim
1113 613 1175 686 ubi
1197 639 1234 686 se
1258 639 1325 708 pu·

328 739 408 798 tant
424 726 461 795 in
480 735 558 795 tuto
574 746 661 794 esee.

429 863 476 932 lii
493 863 531 932 in
544 858 696 955 privatis
718 856 871 951 negotiis
896 854 1038 927 ridiculi
1064 869 1167 940 suut,
1200 867 1241 926 ut
1263 849 1323 924 hic

327 971 366 1039 in
386 967 505 1038 iabula
523 960 687 1046 Thraso,
718 975 754 1033 et
768 963 865 1054 apud
882 959 1052 1032 Plautum
1067 957 1173 1031 Miles
1190 959 1323 1052 glorio-

327 1097 406 1149 sus;
441 1072 502 1142 sed
528 1069 567 1137 in
592 1067 775 1159 republica
795 1066 986 1158 siquando
1003 1064 1206 1156 imperant,
1234 1084 1323 1155 ¹per-

326 1173 475 1258 niciosi,
502 1185 538 1243 et
562 1183 712 1265 propter
735 1169 943 1252 stultitiam,
982 1181 1017 1236 et
1036 1179 1188 1260 propter
1209 1167 1323 1236 ambi-

326 1279 486 1359 tionem,
513 1275 628 1371 qualis
642 1275 908 1366 propemodum
929 1270 1037 1342 fuisse
1051 1271 1232 1341 Antonius
1248 1269 1321 1339 Ro-

325 1407 406 1452 mae
429 1379 593 1464 videtur,
638 1389 673 1447 et
694 1377 818 1472 quales
840 1397 938 1446 nunc
959 1387 1113 1468 regnant
1137 1373 1242 1444 multi
1267 1373 1322 1442 in-

325 1486 422 1556 docti
457 1496 493 1555 et
518 1479 746 1576 impudentes
777 1476 944 1552 honrines
973 1478 1012 1549 in
1040 1477 1184 1570 templis
1220 1490 1255 1548 et
1283 1478 1321 1546 in

325 1587 571 1660 concionibus.

404 1729 406 1735 '
429 1725 553 1820 ltaque
570 1723 761 1815 diligenter
779 1718 837 1793 hic
855 1722 1122 1815 cognoscendus
1138 1731 1191 1790 cst
1203 1714 1321 1788 Thra·

326 1857 387 1914 so,
427 1842 470 1900 ut
498 1827 614 1900 odisse
639 1825 885 1918 arrogantiam
918 1849 960 1894 ac
984 1823 1182 1894 vanitatem
1206 1822 1321 1894 disca-

323 1959 416 2006 mus.
483 1930 622 2002 Rivalis
651 1924 852 2000 Thrasouis
879 1928 1026 2020 lingitur
1055 1926 1201 2018 ingenio
1234 1926 1321 1997 satis

325 2042 425 2110 bono
440 2061 537 2120 esse,
563 2034 626 2106 sed
651 2032 701 2100 ita
726 2031 936 2102 immutatus
956 2053 1079 2100 amore
1096 2029 1321 2112 meretricio,

323 2155 457 2214 utnon
478 2159 691 2230 cognoscas,
720 2134 859 2232 inquit,
895 2135 1049 2205 eundem
1076 2155 1161 2205 esse.
1221 2131 1321 2230 Quid

325 2258 446 2316 autem
480 2240 621 2332 turpius
655 2251 728 2322 est,
770 2263 878 2333 quam
904 2237 953 2307 ita
975 2235 1072 2307 vinci
1098 2261 1241 2322 amore,
1279 2248 1322 2306 ut

324 2347 429 2444 quasi
444 2357 612 2415 naturam
627 2353 789 2414 nostram
814 2341 950 2414 exuisse
975 2339 1188 2412 videamur?
1248 2339 1319 2412 Sed

323 2447 435 2522 habet
446 2448 583 2542 primas
593 2441 736 2516 Thraso
751 2444 790 2516 in
808 2440 877 2516 hoc
892 2445 1027 2530 fabula,
1054 2445 1111 2516 cui
1127 2445 1209 2515 ideo
1219 2443 1318 2514 Gna-

323 2550 473 2624 thonem
489 2552 610 2636 addit,
635 2561 677 2620 ut
691 2549 830 2620 fatuum
848 2561 884 2620 et
899 2547 1073 2622 insulsum
1097 2547 1317 2618 ardelionem

323 2657 454 2728 clarius
470 2655 698 2748 depingeret,
725 2651 941 2746 exagitatum
960 2663 996 2722 et
1013 2651 1170 2723 derisum
1195 2651 1241 2720 ab
1264 2651 1318 2722 asl

323 2771 518 2834 senatore.
583 2755 632 2828 Et
663 2755 749 2853 quin
783 2757 887 2853 quasi
920 2755 1061 2850 gemina
1096 2755 1216 2827 tabula
1253 2766 1317 2837 est,

249 2927 253 2936 .
321 2865 567 2936 discernamus
582 2860 741 2954 pericula
759 2873 795 2931 et
810 2859 925 2932 exitus
939 2859 1126 2957 utriusque
1141 2856 1266 2952 partis.

423 2998 587 3072 Protesis
605 3009 677 3069 est:
703 2993 837 3083 Thais,
861 3010 903 3068 nt
923 3009 1135 3094 extorqueat
1157 3019 1177 3066 a
1202 2994 1316 3066 milite

320 3103 479 3202 puellam
496 3103 623 3187 civem,
649 3099 831 3194 promittit
844 3100 875 3170 ei
891 3125 927 3174 se
943 3101 1102 3173 inituram
1120 3101 1217 3192 apud
1234 3118 1316 3171 eum

321 3209 462 3305 aliquot
489 3204 584 3287 dies;
627 3203 736 3300 idque
764 3217 806 3274 ut
836 3207 1007 3276 concedat
1025 3201 1226 3289 Phaedria,
1256 3203 1316 3273 vix

320 3314 467 3383 tandem
484 3310 713 3402 impetratur.
763 3305 850 3378 Fuit
866 3307 961 3377 enim
981 3306 1104 3381 rivalis
1129 3307 1316 3380 addendus

317 3407 503 3486 Thrasoni
519 3413 722 3506 potentior,
748 3411 884 3503 utplus
901 3423 991 3482 esset
1015 3411 1053 3478 in
1076 3409 1195 3481 tabula
1221 3409 1316 3504 peti-

319 3521 484 3592 culorum
501 3529 536 3588 et
549 3513 743 3586 varietatis.
1111 3532 1114 3540 ’

420 3652 577 3750 Epitasis
602 3668 669 3728 est:
708 3651 799 3726 Cum
824 3655 871 3724 ad
894 3639 1044 3726 militem
1069 3651 1169 3722 venit
1190 3637 1315 3736 Thais,

246 3767 248 3780 '
318 3760 468 3833 accersit
483 3761 631 3830 fratrem
656 3757 818 3851 puellae,
851 3769 893 3828 ut
914 3783 997 3827 eum
1022 3757 1066 3828 de
1092 3777 1217 3828 sorore
1241 3778 1315 3827 cer·

317 3867 448 3940 tionem
464 3863 603 3958 reddat.
656 3855 823 3944 Thraso,
843 3860 927 3956 quia
948 3872 1052 3953 putat
1072 3857 1141 3931 sibi
1163 3858 1314 3931 rivalem

317 3971 535 4051 adductum,
561 3957 819 4040 stomachatur.
854 3963 977 4058 Quare
992 3961 1143 4035 discedit
1157 3965 1202 4034 ab
1220 3960 1329 4038 irato.

318 4069 445 4146 Thais.
502 4069 554 4141 lbi
572 4069 667 4142 redit
682 4069 784 4140 miles
808 4080 1055 4162 oppugnatum
1080 4067 1186 4149 aedes
1203 4058 1315 4136 Thai-

317 4179 393 4262 dis,
419 4198 552 4267 magno
569 4198 649 4245 cum
666 4173 835 4246 tumultu.

421 4308 659 4406 Catusteophe
673 4309 825 4381 ridicula
852 4321 922 4381 est:
954 4307 1100 4381 Omissa
1127 4331 1315 4402 oppugna-

310 4415 437 4502 tione,
459 4413 603 4489 'Thraso
617 4417 657 4486 iit
673 4413 822 4507 supplex
836 4409 990 4498 Thaidi,
1016 4426 1053 4484 et
1066 4409 1214 4486 Gnatho
1231 4435 1314 4484 eum

313 4519 370 4590 ita
394 4519 565 4594 describit
589 4515 813 4601 Phaedriae,
855 4530 897 4588 ut
925 4516 955 4590 is
978 4517 1156 4610 intelligat
1175 4517 1246 4589 sibi
1269 4517 1314 4587 ab

317 4618 388 4693 hoc
403 4626 511 4694 rivali
527 4619 621 4696 nihil
637 4646 712 4693 esse
733 4621 897 4714 periculi.
956 4620 1080 4717 Quare
1097 4623 1147 4694 sie
1166 4621 1316 4694 discedit

315 4727 438 4814 miles,
462 4741 505 4801 ut
518 4753 555 4800 se
572 4749 717 4824 quoque
740 4720 889 4797 haerere
905 4723 943 4795 in
958 4727 1079 4822 aliqua
1094 4738 1196 4819 parte
1217 4726 1315 4821 apud

308 4824 500 4904 'Thaidem
520 4830 737 4915 arbitretur,
781 4841 889 4927 atque
910 4823 981 4902 hoc
1006 4855 1072 4902 suo
1108 4855 1231 4904 errore
1259 4829 1315 4900 in·

316 4938 423 5006 terim
436 4933 549 5007 homo
564 4934 736 5020 stolidus,
762 4935 889 5007 beatus
904 4947 968 5008 est.

416 5071 540 5149 Altera
563 5065 724 5165 Epitasis
754 5083 821 5144 est:
859 5065 1019 5142 Chaerea
1047 5095 1115 5166 pro
1134 5061 1313 5145 Eunucho

316 5177 364 5246 ad
378 5170 557 5245 Thaidem
573 5177 767 5261 deductus,
791 5175 923 5248 vitium
941 5176 1047 5248 offert
1064 5174 1208 5268 virgini.
1243 5175 1315 5246 Sed

316 5273 554 5373 catastrophe
587 5280 681 5352 laeta
717 5292 782 5354 est.
857 5276 953 5353 Nam
986 5280 1127 5374 puella,
1171 5290 1314 5373 postea·

315 5405 427 5479 quarn
451 5407 533 5456 eam
555 5383 787 5481 comperiunt
813 5409 887 5460 esse
920 5384 1054 5470 civem,
1094 5385 1201 5456 datur
1222 5407 1314 5458 uxor

316 5481 508 5565 Chaereae.

935 229 1059 306 Pub..
1092 231 1207 306 MEL.
1243 231 1448 318 SGRlPTA
1480 233 1819 314 Pnuououtca

1541 409 1769 506 Prologus
1794 412 1839 481 io
1864 410 2134 486 Eunuchum
2152 416 2212 513 ιἵ).

1426 542 1572 616 Salvere
1588 547 1695 620 iubeo
1712 559 1932 641 spectatores
1949 549 2126 642 optimos,

1427 646 1501 740 Qui
1517 670 1643 721 scenae
1660 653 1845 724 ornandae
1863 649 2065 725 confluxere
2087 655 2222 748 gratia,

1427 749 1569 823 Favere
1584 765 1709 825 nostra
1727 757 1844 827 studia
1860 769 1901 826 ut
1916 755 2071 828 excitent
2081 785 2170 844 suo,

1426 851 1605 952 Artesque
1620 852 1790 930 honestas
1807 872 1842 929 et
1852 858 2008 952 benigne
2024 858 2249 954 provehant,

1427 955 1704 1058 Autoritateque
1721 976 1761 1033 ut
1778 974 1948 1033 tucantur
1962 959 2060 1036 hu‘nc
2074 979 2239 1064 gregem,

1432 1058 1506 1156 Qui
1524 1065 1685 1137 scenicos
1698 1067 1803 1138 ludos
1820 1065 1997 1138 industria
2015 1094 2079 1142 sua

1425 1161 1599 1237 Instruxit
1613 1161 1682 1240 hac
1699 1169 1736 1239 in
1751 1169 1840 1240 urbe
1855 1170 2014 1262 primus,
2039 1184 2081 1244 ut
2095 1171 2183 1246 iocis

1426 1267 1641 1366 salibusque
1654 1286 1850 1368 personent
1865 1269 1953 1344 haec
1965 1275 2106 1369 pulpita
2122 1275 2270 1362 Atticis,

1426 1369 1475 1442 Et
1492 1373 1667 1450 barbaros
1685 1377 1829 1470 plorare
1845 1377 1967 1463 iussit,
1992 1380 2132 1472 fabulas

1426 1475 1565 1550 Efferre
1582 1480 1646 1575 qui
1662 1481 1836 1556 vetabant
1847 1481 1885 1550 iu
1897 1484 2148 1577 proscenium,
2205 1503 2210 1512 ·

1426 1579 1530 1678 Quae
1546 1583 1713 1658 cultiores
1730 1583 1902 1656 iuvenum
1917 1609 2036 1657 mores
2053 1587 2258 1660 redderent.

1425 1681 1684 1757 Terentianum
1703 1711 1848 1781 agemus
1865 1685 2081 1762 Eunuchum
2099 1693 2231 1777 modo,

1426 1787 1529 1884 Quae
1543 1790 1682 1863 fabulas
1694 1791 1844 1865 Latinas
1860 1791 1972 1864 vincit
1987 1807 2146 1867 caeteras

1426 1893 1611 1965 Sermonis
1626 1895 1803 1989 elegantia
1823 1905 1857 1965 et
1871 1896 2028 1984 facetiis,

1422 1989 1489 2064 Vel
1507 1995 1582 2089 ipse
1596 2024 1685 2094 quas
1703 1997 1848 2070 Momus
1864 2000 2017 2071 miretur
2033 2015 2075 2072 ac'
2089 2003 2240 2097 prohet;

1425 2095 1563 2195 illoque
1578 2102 1711 2174 sentiat
1724 2103 1854 2174 tinctas
1868 2101 1962 2190 sale,
1986 2130 2058 2200 quo
2076 2115 2191 2178 satam

1424 2202 1601 2274 Amorum
1619 2219 1655 2277 et
1668 2205 1919 2277 illecebrarum
1939 2221 2091 2278 matrem
2108 2209 2272 2283 omnium

1423 2303 1601 2376 Venerem
1616 2311 1748 2383 ierunt.
1799 2307 1869 2380 Sed
1884 2335 2080 2404 corrugare
2097 2315 2243 2387 tetricos

1425 2407 1612 2504 Quosdam
1627 2414 1756 2485 videtis
1772 2437 1898 2499 nares,
1924 2416 2176 2489 immodestiae

1422 2513 1470 2584 lii
1486 2538 1553 2586 uos
1562 2511 1609 2613 1’)
1626 2529 1814 2604 accusant,
1840 2518 1879 2588 iu
1894 2513 2077 2591 theatrum
2097 2524 2197 2618 quod
2213 2521 2302 2595 iocos

1422 2615 1592 2688 Proierre
1610 2621 1798 2692 liberiores
1813 2623 1923 2714 paulo
1939 2623 2018 2696 ausi
2035 2649 2183 2710 snmus,

1422 2717 1616 2818 Moresque
1633 2723 1873 2796 criminantur
1886 2725 2008 2798 vitiari
2021 2727 2139 2802 bonos

1419 2820 1559 2898 Parum
1576 2830 1709 2902 severis
1724 2827 1827 2900 dictis
1842 2839 1949 2926 atque
1961 2828 2112 2905 lusibus.

1420 2928 1493 3001 Sed
1510 2955 1532 3002 o
1548 2954 1713 3007 censores
1730 2958 1877 3027 asperos
1892 2945 1928 3003 et
1943 2945 2159 3030 pergraves,

1421 3031 1516 3128 Qui,
1557 3039 1656 3132 quod
1678 3031 1951 3132 reprehendunt
1975 3039 2013 3108 in
2035 3033 2201 3125 theatro,
2241 3043 2349 3114 ludunt

1784 3141 1904 3227 domi,

1420 3235 1470 3310 Et
1486 3238 1615 3314 Curios
1630 3235 1821 3331 simulant,
1845 3245 1973 3316 vivunt
1987 3237 2245 3321 Bacchanalia.

1421 3337 1571 3418 Ludunt
1587 3359 1735 3439 poetae,
1760 3360 1799 3420 at
1811 3347 1910 3421 lusus
1928 3347 1981 3422 illi
1998 3351 2091 3424 scria

1420 3442 1588 3535 Ducunt,
1613 3450 1792 3548 simulque
1808 3478 1953 3524 morum
1973 3455 2124 3524 tradunt
2140 3453 2278 3548 optima

1419 3550 1525 3624 Vitae
1540 3567 1751 3646 praecepta,
1776 3567 1817 3625 ut
1831 3553 1923 3626 nihil
1940 3557 2069 3629 melius
2083 3556 2200 3628 Solon

1419 3653 1495 3728 Aut
1509 3657 1666 3729 sanctius
1680 3658 1812 3732 tabut’s
1826 3660 2051 3754 inscripserit
2065 3661 2207 3744 aeneis;

1418 3760 1490 3832 Sed
1505 3785 1669 3854 asperam
1686 3774 1808 3833 tamen
1825 3765 1994 3834 sinuum
2012 3765 2188 3855 condiunt

1419 3865 1695 3939 iucundioribus
1709 3865 1905 3958 illecebris,
1931 3875 1972 3938 ut
1989 3867 2107 3940 solent

1421 3969 1576 4057 Medici,
1600 3972 1723 4042 daturi
1738 3971 1859 4069 pueris
1875 3981 1966 4041 tetra
1984 3965 2198 4070 absynthia,

1420 4071 1512 4146 Cum
1528 4073 1636 4146 melle
1654 4073 1750 4146 dulei
1768 4089 1804 4148 et
1816 4067 1988 4148 saccharo
2003 4075 2153 4148 irritant
2164 4073 2299 4168 gulam.

1419 4176 1614 4250 Facessant
1630 4202 1715 4272 ergo
1730 4179 1848 4276 iniqui
1863 4176 2118 4254 audaces-hinc
2133 4180 2280 4274 mucul,

1417 4280 1471 4352 Ut
1486 4279 1717 4378 aequioribus
1730 4283 1915 4378 spectandi
1929 4285 2016 4356 dent
2032 4285 2164 4361 locum.

1417 4383 1495 4458 Nos
1511 4385 1645 4480 publici
1660 4388 1848 4483 nostrique
1864 4413 1969 4462 carna
1985 4387 2170 4462 comumdi

1419 4488 1680 4561 Terentianam
1698 4516 1845 4585 agemus
1859 4489 2075 4564 Eunuchum
2090 4493 2224 4574 modu,

1418 4592 1500 4689 Qua
1516 4595 1708 4667 barbaram
1724 4591 1925 4669 Thrasonis
1942 4597 2190 4692 arrogantiam

1368 4773 1476 4784 ’.ιν-η-
1479 4774 1574 4784 -α-*ο

1405 4863 1451 4932 tt)
1472 4863 1525 4916 tite
1544 4865 1693 4930 prologus,
1722 4872 1802 4930 quem
1818 4863 1978 4916 uersuram
2003 4865 2029 4915 e.
2047 4863 2090 4918 η.
2104 4862 2163 4918 tur.
2185 4865 2262 4920 tna.
2287 4859 2355 4914 nisit

1438 4935 1601 4990 camerario
1625 4945 1697 4996 soe,
1730 4934 1758 4984 tn
1776 4933 1907 4998 Protogts
1931 4935 1972 4985 att
1990 4936 2039 4985 not
2061 4934 2105 4986 sto
2127 4933 2278 4998 inscriptos
2300 4933 2355 4984 eet:

1438 5002 1604 5072 „Prologus
1622 5005 1651 5056 tn
1667 5003 1843 5054 ttnnuehumr
1873 4945 2136 5056 totenhameru'
2160 5005 2259 5070 nnus
2281 5000 2357 5080 nette

1437 5075 1540 5139 ettqnts
1555 5073 1585 5127 in
1603 5083 1729 5126 errorem
1745 5073 1880 5140 ducebar,
1900 5083 1973 5124 eum
1991 5083 2009 5123 a
2025 5073 2192 5127 &meets
2208 5085 2275 5125 erse
2289 5083 2356 5123 serr·

1437 5149 1524 5210 ptum.
1556 5147 1660 5198 Mt
1678 5147 1829 5207 mammes
1845 5144 1874 5194 tu
1885 5144 1951 5194 Μαι.
1967 5143 2035 5206 οη.
2052 5136 2139 5196 nisit
2159 5145 2213 5212 Ἄ,
2229 5143 2357 5197 uranus·

1437 5217 1503 5270 ooli.
1517 5215 1631 5284 ψῃ,
1654 5215 1737 5278 oete.
1746 5213 1811 5265 flet.
1824 5215 1879 5280 L,
1897 5213 2010 5266 Terent.
2023 5214 2110 5268 mitt.
2122 5215 2204 5266 duo.
2216 5218 2258 5276 1.,
2277 5209 2358 5268 1541,

1438 5287 1526 5352 rats,
1547 5285 1623 5339 tout.
1636 5309 1673 5326 ι-
1688 5285 1721 5335 ln
1733 5281 1877 5335 vincerent
1894 5284 2004 5335 niteat.
2015 5283 2185 5350 tmen.
2197 5285 2261 5334 ttet
2275 5277 2358 5332 tout

1403 5373 1449 5440 18)
1466 5365 1535 5437 uos]
1560 5373 1602 5426 ab
1619 5373 1691 5428 mere
1709 5371 1780 5437 θη.
1797 5371 1885 5424 wll.
1899 5372 1952 5438 Ἃ,
1983 5369 2099 5435 Proles.
2115 5369 2200 5436 eth„
2230 5369 2358 5422 onitu.

1382 5464 1391 5498 ³
1436 5442 1814 5570 caracae·
1907 5439 2004 5502 ....‚
2029 5439 2123 5505 ..e
2147 5440 2244 5502 ωε
2279 5437 2358 5498 ....
