4800 6054
294 270 372 350 666

390 519 394 526 ,
435 437 733 534 Ascalaphus
759 437 803 508 in
829 440 1057 511 bubonem
1082 435 1144 530 ⁸¹).

397 573 589 672 Ascalaphi
604 576 695 650 sicut
716 587 752 644 et
773 575 874 644 corvi
898 574 1060 666 exemplo
1083 595 1287 654 monemur,

296 710 342 758 ne
376 683 465 781 quid
494 695 629 768 temere
652 677 872 762 indicemus,
913 701 985 773 quo
1010 677 1201 749 subeamus
1225 685 1288 744 aut

296 788 421 860 odium
439 797 501 856 aut
523 805 692 877 poenam.
743 779 819 852 Nec
843 779 919 850 sine
942 804 1047 852 causa
1065 771 1288 871 Ascalaphus

295 887 625 982 importunissimus
649 884 777 964 index,
811 883 959 974 tingitur
981 895 1141 953 mutatus
1164 881 1203 950 in
1222 881 1287 952 bu·

294 996 447 1070 bouem:
475 1001 528 1060 est
551 987 647 1059 enim
672 985 770 1056 bubo
792 984 900 1056 index
923 987 1077 1056 maxime
1101 983 1287 1054 abomina-

295 1106 371 1180 tus,
393 1093 475 1190 »qui
507 1117 589 1166 curn
621 1089 789 1160 domibus
824 1089 974 1172 insidet,
1012 1088 1133 1160 feralis
1159 1085 1287 1157 existit.

294 1199 402 1272 Tales
417 1192 609 1289 Ascalaphi
624 1206 708 1266 suut
725 1193 923 1278 delatores,
950 1191 1013 1289 qui
1030 1191 1068 1261 in
1084 1191 1174 1263 aulis
1188 1189 1287 1283 prin·
1368 1255 1377 1270 ,
1402 1254 1410 1270 ,

294 1305 414 1396 cipum
433 1299 588 1372 existunt
605 1297 739 1368 iudices
757 1297 879 1371 multis
896 1297 1067 1369 exitiales.

537 1471 722 1540 Sirenes
753 1471 797 1540 in
826 1481 1041 1540 monstra.

346 1607 423 1679 Vss.
441 1602 518 1682 552
532 1633 594 1700 sq:
621 1611 727 1693 uobis,
754 1609 971 1691 Acheloides,
994 1610 1083 1676 uude

346 1714 469 1782 Pluma
495 1713 657 1804 pedesque
680 1715 821 1880 aoieem÷
847 1733 922 1780 uem
957 1712 1104 1800 uirqiuis
1132 1731 1194 1778 oro
1226 1729 1287 1797 qe·

705 1823 795 1884 rutra

396 1932 539 2004 Sirenes
554 1935 702 2004 fuerunt
715 1930 1082 2024 reginaeinsularum,
1096 1927 1287 2026 quaePae-
1340 1977 1350 1994 .

295 2049 400 2108 stano
417 2048 453 2106 et
466 2036 695 2108 Salernitano
711 2034 807 2106 sinui
823 2034 1008 2118 adiacent,
1022 2044 1286 2126 tenueruntque

293 2142 372 2208 loca
391 2138 631 2232 Campaniae,
656 2140 694 2211 in
711 2138 840 2232 quibus
855 2135 1046 2229 Neapolis,
1072 2135 1285 2208 Surrentum

258 2317 264 2328 ,
296 2263 378 2313 cum
393 2242 648 2334 promontorio
663 2241 867 2311 Minervae:
894 2241 990 2310 unde
1005 2252 1040 2308 et
1055 2263 1093 2309 ea
1110 2239 1211 2321 loca,
1232 2235 1287 2307 Si·

294 2367 424 2416 renum
443 2343 580 2438 scopuli
596 2343 844 2414 nominantur.
896 2339 960 2414 llis
977 2342 1208 2434 regnantibus
1229 2363 1287 2409 ex·

294 2447 402 2518 citata
419 2459 504 2518 sunt
517 2447 722 2518 litterarum
743 2445 862 2518 studia
884 2445 924 2513 in
947 2444 1200 2538 promontorio
1217 2441 1286 2510 Mi·

294 2573 450 2636 nervae,
467 2560 628 2621 extructo
646 2545 941 2648 illicAthenaeo,
957 2543 1026 2617 hoc
1043 2561 1115 2632 est,
1138 2569 1286 2640 gymna-

294 2654 370 2737 sio,
403 2677 514 2750 aquo
527 2653 821 2746 promontorium
847 2651 956 2738 illud,
990 2650 1176 2721 Minervae
1200 2648 1285 2718 dici-

295 2769 365 2835 tur,
416 2755 506 2826 Erat
521 2755 616 2826 enim
632 2752 858 2827 Athenaeum
872 2754 972 2826 locus
987 2754 1173 2824 Minervae
1191 2751 1287 2820 dica·
1354 2799 1363 2816 .

294 2872 371 2942 tus,
402 2859 465 2931 ubi
479 2859 621 2954 publice
637 2860 858 2930 docebantur
873 2870 966 2928 artes
989 2856 1173 2939 liberales,
1207 2879 1285 2948 qur-

295 2964 364 3032 bus
376 2986 540 3054 praeesse
556 2961 616 3032 illa
630 2963 837 3054 putabatur.
889 2956 929 3030 ld
948 2984 1033 3029 vero
1058 2981 1284 3053 gymnasium

295 3065 366 3136 fuit
392 3067 482 3134 adeo
514 3064 669 3146 celebre,
710 3077 750 3135 ut
774 3063 1000 3161 eloquentiae
1026 3075 1062 3130 et
1081 3063 1285 3131 litterarum

295 3166 434 3251 studia,
468 3191 561 3262 quae
582 3168 632 3238 ibi
653 3169 874 3250 floruerunt,
909 3165 1074 3237 dederint
1094 3165 1214 3234 locum
1232 3165 1285 3232 fa·

295 3271 402 3342 bulae
417 3271 461 3340 de
479 3271 655 3367 suavitate
670 3269 767 3340 vocis
786 3283 821 3340 et
845 3283 952 3351 cautu
968 3268 1155 3351 Sirenum,
1187 3267 1286 3362 quod

295 3371 405 3442 etiam
416 3371 597 3446 Homerus
613 3374 790 3456 declarat,
817 3399 897 3444 cum
922 3372 981 3440 illa
1006 3372 1083 3462 ipsa
1101 3369 1285 3442 Sireuibus

295 3473 481 3560 attribuit,
508 3500 599 3570 quae
619 3489 702 3548 sunt
717 3473 924 3559 Musarum,
951 3473 1116 3543 videlicet
1137 3486 1172 3543 et
1192 3471 1286 3566 peri-

296 3576 385 3648 tiam
407 3580 581 3664 canendi,
623 3574 787 3662 horest,
821 3574 1085 3673 eloquentiam,
1119 3589 1154 3646 et
1174 3573 1286 3647 histo-

296 3680 456 3764 riarum,
476 3706 670 3777 rerumque
685 3681 903 3752 naturalium
921 3679 1175 3771 coguitionem.
1228 3677 1286 3749 Sic

296 3783 394 3852 enim
424 3787 468 3852 de
495 3809 532 3855 se
563 3785 764 3875 gloriantur
791 3785 889 3876 apud
912 3783 1111 3853 Homerum
1132 3783 1289 3866 Sirenes,

297 3884 515 3957 duodecimo
545 3886 726 3981 Odysseae
746 3883 813 3978 ⁸²),
853 3888 1063 3978 profitentes
1102 3887 1287 3957 scientram

297 3989 482 4074 omnium,
525 4013 618 4085 quae
650 3989 687 4058 iu
719 4000 813 4057 terra
839 3991 951 4074 fiunt,
983 4001 1156 4083 geruntur
1180 4002 1216 4058 et
1237 3989 1289 4082 gi-

296 4105 475 4182 guunlur:

353 4210 410 4286 Οὐ
428 4207 504 4311 γάρ
522 4206 582 4284 πώ
595 4237 650 4294 τις
664 4207 753 4306 τῇδε
768 4205 957 4308 παρήλασε
972 4210 1037 4308 νηῒ
1047 4206 1215 4307 μελαίνῃ,

349 4309 440 4410 πρίν
473 4311 506 4413 y'
531 4309 657 4407 ἡμέων
684 4310 891 4414 μελίγηρυν
912 4312 986 4388 ἀπὸ
1010 4309 1210 4408 πομάτων
1231 4311 1287 4387 ὄπ’

717 4414 896 4491 ἀκοῦσαι·

352 4513 427 4588 ἀλλ’
445 4514 510 4616 llys
526 4512 758 4615 τερψάμενος
773 4523 910 4613 νεῖται,
925 4515 988 4592 καὶ
1002 4515 1155 4594 πλείονα
1171 4517 1290 4604 elduie.

297 4692 301 4705 ,
348 4614 461 4710 ἴδμεν
481 4614 556 4716 yu'p
568 4647 626 4694 τοι
641 4616 757 4698 πάνθ’
759 4675 771 4707 ,
799 4619 851 4696 ὄπ’
870 4620 925 4698 ἐνὶ
941 4617 1055 4718 Τροίῃ
1067 4619 1190 4718 εὐρείῃ

345 4719 504 4819 Ἀργεῖοι
521 4721 645 4818 Τρῶές
656 4751 695 4795 τε
710 4724 815 4798 θεῶν
829 4723 947 4821 ἰότητι
960 4717 1154 4822 μόγησαν·

349 4819 461 4916 ἴδμεν
482 4821 533 4910 d,
575 4821 670 4900 ὅσσα
697 4823 849 4926 γένηται
879 4825 937 4902 ἐπὶ
965 4825 1082 4922 χθονὶ
1104 4829 1292 4924 πουλυβο-

715 4924 831 5025 salop.

297 5047 352 5117 Ac
373 5047 558 5138 finguntur
586 5049 728 5121 Sirenes
750 5051 845 5121 filiae
870 5052 1048 5146 Calliopes
1071 5065 1108 5124 et
1129 5047 1292 5136 Acheloi,

298 5162 450 5240 propter
466 5155 686 5248 professores
698 5153 904 5226 litterarum
921 5155 1108 5230 accersitos
1122 5179 1165 5226 er
1181 5155 1291 5226 Aeto·

299 5319 509 5341 *as-—

328 5415 383 5478 st)
399 5416 479 5470 osu.
497 5421 562 5470 uer.
581 5421 625 5486 v,
642 5419 696 5470 sas
712 5445 748 5458 -
764 5421 825 5474 seo.

331 5502 384 5564 ss)
404 5506 483 5556 uon.
503 5505 556 5560 oe.
574 5505 644 5574 xu,
664 5506 715 5558 ras
735 5535 765 5549 -
787 5509 846 5561 sss.

883 265 1008 366 earu.
1033 259 1146 338 usu.
1173 259 1376 337 scatere
1403 255 1740 332 carrococtea.

2258 253 2324 332 666

1338 432 1385 501 lia
1410 444 1446 502 et
1462 432 1686 515 Acarnania,
1722 455 1830 527 quam
1848 427 2045 514 Achelous,
2079 432 2322 504 celeberrimus

1339 534 1511 606 Graeciae
1526 535 1674 618 fluvius,
1700 548 1860 626 separat:
1885 535 2033 627 perinde
2049 546 2089 606 ut
2110 534 2141 605 si
2163 534 2244 628 quis
2264 537 2323 605 fin-

1339 649 1400 730 gat
1422 635 1544 708 Musas
1561 637 1868 728 Regiomontanas
1891 661 1964 710 esse
1986 636 2078 708 filias
2092 636 2270 728 Calliopes
2291 654 2322 708 et

1337 738 1458 822 Albis,
1485 751 1635 831 propter
1652 741 1802 812 lectores
1816 734 1886 811 hnc
1907 752 2054 812 vocatos
2078 764 2122 811 ex
2135 741 2322 810 Academia
2385 745 2386 828 ζ

1339 841 1587 931 Vitcbergensi
1601 843 1646 912 ad
1663 843 1782 914 Albim
1801 843 1881 914 sita.
1931 847 1981 916 At
1997 855 2190 938 postquam
2214 842 2321 914 bonae
2385 891 2386 900 κ

1341 960 1435 1016 artes
1452 944 1523 1012 illic
1541 944 1714 1016 excitatae
1729 957 1831 1028 sunt,
1856 959 1893 1016 et
1907 970 2047 1018 summa
2070 967 2153 1016 cum
2175 946 2321 1014 admira·
2386 1017 2387 1044 ,

1339 1048 1438 1119 tione
1454 1043 1643 1120 hominum
1660 1049 1912 1132 effloruerunt,
1939 1047 2129 1141 posteritas
2144 1047 2205 1142 (ut
2218 1049 2272 1142 fit)
2287 1047 2323 1118 il·
2386 1097 2387 1102 κ

1338 1153 1382 1222 lis
1398 1152 1508 1222 abusa
1525 1162 1578 1222 est
1594 1154 1640 1220 ad
1664 1151 1855 1234 iniuriam,
1879 1151 2159 1235 contumeliam,
2193 1163 2230 1220 et
2250 1175 2325 1244 per·

1338 1279 1470 1327 urerem
1486 1253 1716 1347 reipublicae.
1765 1257 1825 1326 Ad
1834 1251 1922 1324 haec
1938 1257 2199 1337 adolescentes,
2226 1275 2323 1326 causa

1339 1360 1541 1433 studiorum
1558 1383 1601 1432 eo
1615 1355 1736 1446 missi,
1770 1359 1931 1434 iecerunt
1953 1357 2129 1434 iacturam
2154 1358 2324 1454 patrimo·
2387 1353 2388 1398 ³

1340 1462 1412 1546 nii,
1451 1463 1579 1536 scortis
1609 1465 1759 1536 addicti:
1800 1467 1896 1538 unde
1927 1469 2025 1559 apud
2054 1477 2197 1538 exteros
2222 1456 2323 1538 Athe-

1338 1575 1470 1637 nae'um
1500 1564 1587 1638 illud
1621 1571 1739 1661 coepit
1766 1571 1861 1638 male
1888 1571 2032 1653 audire,
2075 1571 2322 1666 emanavitque

1340 1669 1463 1740 fabula
1479 1669 1523 1739 de
1537 1669 1723 1742 Sirenibus
1739 1671 1776 1741 in
1793 1686 1953 1744 monstra
1970 1671 2138 1758 mutatis,
2164 1697 2186 1741 a
2203 1674 2321 1768 quibus

1340 1773 1566 1856 accedentes,
1593 1772 1632 1842 in
1650 1774 1837 1865 naufragia
1853 1773 1923 1870 81),
1948 1773 2018 1846 hoc
2034 1787 2105 1858 est,
2138 1790 2321 1868 egestatem
2388 1797 2389 1824 ¹

1338 1876 1396 1974 vel
1418 1874 1614 1968 perniciem
1635 1873 1913 1950 attraherentur.
1979 1878 2083 1948 llanc
2108 1879 2155 1948 ob
2188 1903 2322 1952 causam

1338 2001 1436 2070 rpsae
1451 1977 1593 2063 Sirenes
1613 2003 1711 2050 nunc
1734 1982 1959 2073 accipiuntur
1982 2005 2049 2073 pro
2071 1980 2247 2054 illecebris
2266 2007 2322 2053 vo

1337 2080 1538 2173 luptatum,
1565 2105 1657 2176 quae
1673 2095 1778 2154 antea
1792 2109 1860 2176 pro
1877 2083 1991 2155 Musis
2007 2080 2254 2156 habebantur:
2270 2110 2323 2156 ea·
2389 2099 2390 2136 t

1338 2207 1490 2278 rumque
1506 2185 1642 2256 musica
1658 2186 1832 2280 accipitur
1856 2210 1924 2278 pro
1948 2188 2157 2282 eloquentia
2182 2212 2257 2258 non
2281 2191 2323 2258 ad

1337 2286 1630 2378 permulcendos,
1655 2290 1734 2379 [sed
1764 2290 1966 2382 perdendos
1991 2283 2159 2364 homines
2187 2315 2322 2384 compa-

1337 2402 1434 2460 rata:
1470 2390 1614 2483 qualem
1634 2387 1821 2465 Aeschinis
1852 2393 2095 2488 eloquentiam
2117 2391 2323 2467 Demosthe·

1245 2537 1249 2550 ι
1336 2516 1401 2564 nes
1417 2515 1491 2562 esse
1509 2492 1611 2563 dixit.

1438 2594 1557 2665 Porro
1572 2595 1665 2666 sicut
1676 2596 1813 2690 Ulyssis
1827 2597 1916 2668 socii
1931 2597 2076 2670 Sirenas
2092 2599 2322 2690 praetervecti

1336 2709 1421 2768 sunt
1435 2695 1626 2769 obstructis
1642 2700 1809 2778 auribus.
1826 2724 1872 2770 ne
1886 2702 2029 2774 blandis
2045 2715 2081 2772 et
2096 2702 2232 2774 dolosis
2248 2725 2322 2770 can·
2391 2777 2392 2792 q

1337 2802 1432 2870 tibus
1461 2800 1681 2871 illicerentur
1711 2802 1749 2872 iu
1773 2805 2020 2896 naufragium:
2064 2805 2114 2876 ita
2138 2829 2207 2878 nos
2231 2807 2320 2876 decet

1211 2956 1220 2973 .
1337 2903 1495 2974 aversari
1512 2915 1548 2972 et
1570 2903 1693 2996 lugere
1716 2907 1939 2999 voluptates,
1973 2931 2039 2978 nec
2063 2911 2239 3000 praebere
2258 2907 2321 2976 illis

1337 3029 1459 3090 aures,
1486 3006 1548 3102 qui
1564 3008 1752 3078 dulcedine
1769 3011 1945 3082 orationis
1966 3011 2246 3108 corruptelaque
2268 3013 2322 3082 de·
2392 3089 2393 3092 Ἴ

1336 3121 1490 3201 pravant
1505 3110 1706 3180 doctrinam
1722 3112 1918 3205 religionis.

1495 3278 1556 3349 De
1583 3277 1758 3374 Alpheo
1784 3296 1825 3353 et
1848 3280 2081 3358 Arethusa
2107 3230 2177 3382 ιιι).

1439 3413 1576 3507 Opinio
1603 3429 1656 3487 est
1676 3413 2048 3510 Alpheumgfluvium,
2079 3421 2143 3518 qui
2165 3419 2205 3492 in
2227 3423 2321 3492 Pelo-

1337 3517 1556 3609 ponnesiaco
1585 3519 1707 3590 littore
1739 3522 1971 3607 absorbetur,
2004 3525 2071 3594 sub
2101 3526 2195 3594 mari
2224 3549 2321 3618 pcne-

1338 3633 1434 3692 trare
1464 3620 1503 3689 in
1521 3621 1702 3706 Siciliam,
1736 3635 1774 3693 et
1802 3639 1885 3695 ante
1916 3651 1958 3699 os
1988 3621 2188 3700 Arethusae
2221 3627 2321 3699 tontis

1338 3746 1519 3816 emergere
1534 3724 1632 3794 iuxta
1649 3724 1860 3820 Syracusas:
1881 3730 1981 3802 cuius
1994 3731 2047 3800 rei
2061 3731 2136 3802 sive
2151 3734 2320 3802 coniectu·

1216 3885 1225 3902 .
1339 3851 1433 3911 ram,
1458 3825 1532 3896 sive
1548 3828 1749 3914 veritatem,
1774 3845 1903 3923 poetae
1919 3845 1960 3902 ut
1975 3835 2211 3918 celebrarent,
2229 3837 2320 3905 fabu-

1338 3928 1404 3999 lati
1428 3941 1511 3999 sunt
1532 3927 1713 4023 Alpheum
1739 3958 1863 4004 amore
1894 3934 2006 4026 ipsius
2025 3931 2226 4008 Arethusae
2255 3951 2321 4008 tam

1339 4034 1450 4122 longo
1467 4043 1586 4105 tractu
1603 4035 1669 4106 sub
1694 4036 1788 4105 mari
1811 4061 1953 4110 cursum
1977 4063 2093 4133 agere.
2145 4038 2211 4112 Eu
2235 4041 2322 4111 enim

1340 4129 1520 4206 Arethusa
1537 4137 1619 4209 lons
1635 4137 1745 4210 totius
1759 4138 1901 4210 Siciliae
1922 4141 2176 4214 celeberrimus
2199 4157 2235 4214 et
2257 4167 2323 4212 am·

1341 4238 1542 4332 piissimus,
1574 4243 1622 4310 ad
1641 4242 1741 4312 cuius
1763 4265 1804 4314 os
1825 4243 1901 4335 ipse
1919 4241 2080 4337 Alpheus
2102 4247 2207 4342 quasi
2231 4247 2323 4318 volu·

1341 4353 1440 4438 ptate
1455 4341 1608 4435 gestiens
1623 4357 1658 4414 et
1673 4346 1837 4418 exultem
1859 4369 1878 4418 e
1901 4346 2066 4420 fluctibus
2085 4349 2197 4420 maris
2219 4373 2325 4420 emer·

1342 4445 1395 4537 git
1420 4457 1521 4514 tanto
1552 4447 1710 4539 impetu,
1751 4448 1810 4517 vix
1841 4462 1880 4520 ut
1912 4452 2049 4546 cymbis
2080 4452 2172 4521 adiri
2209 4454 2326 4545 possit.

1343 4547 1417 4642 Qui
1431 4571 1517 4618 vero
1534 4549 1730 4642 opinantur
1744 4551 1845 4622 illum
1862 4577 1905 4624 ex
1922 4554 2049 4626 llelide
2071 4579 2114 4626 eo
2137 4579 2254 4650 usque
2275 4581 2327 4649 pe-

1343 4665 1509 4736 netrare,
1534 4649 1601 4722 hac
1618 4654 1823 4724 coniectura
1841 4659 1939 4728 ducti
1956 4671 2057 4742 sunt,
2083 4681 2215 4751 nempe
2236 4661 2327 4754 quod

1343 4767 1437 4827 stato
1463 4768 1645 4848 tempore,
1677 4781 1757 4827 cum
1777 4756 1948 4854 Olympia
1972 4760 2269 4848 celebrabantur,
2299 4775 2328 4832 et

1344 4858 1573 4930 victimarum
1588 4861 1711 4932 sordes
1726 4861 1765 4930 iu
1778 4886 1921 4932 amnem
1946 4863 2250 4958 proiiciebantur,
2275 4865 2328 4938 Al·

1344 4957 1457 5055 pheus
1479 4963 1517 5032 iu
1540 4963 1662 5033 littore
1678 4964 1798 5035 Siculo
1820 4967 1958 5037 solebat
1980 4967 2058 5037 lieri
2081 4968 2268 5052 turbidus,
2299 4981 2329 5038 et

1343 5061 1542 5137 Arethusae
1556 5067 1638 5141 sous
1656 5069 1817 5140 redolere
1832 5071 1956 5141 fimum
1969 5097 1977 5149 ;
2003 5073 2065 5142 sed
2080 5071 2212 5142 Strabo
2228 5085 2327 5166 negat

1343 5164 1524 5241 haeresse
1542 5195 1648 5256 vera,
1675 5171 1839 5269 quamvis
1854 5173 2006 5244 'l'imaeo
2030 5169 2272 5267 philosopho,
2298 5187 2328 5244 et

1348 5327 1554 5346 m

1377 5423 1427 5486 66)
1444 5424 1607 5490 managio]
1627 5425 1670 5476 sto
1686 5426 1771 5477 Edltt.
1791 5427 1952 5492 16664616.
1972 5427 2049 5482 1666.
2068 5429 2158 5482 uste:
2178 5429 2324 5494 munao.

1375 5509 1424 5570 tt)
1442 5509 1523 5568 (trid.
1540 5515 1606 5564 sset.
1624 5512 1667 5574 V,
1685 5512 1738 5564 676
1755 5525 1816 5576 sss.
