4782 6060
281 209 358 288 415
870 211 993 287 rruu.
1018 213 1131 288 amu.
1165 212 1369 288 scurra
1393 153 1733 288 rnuonooma
2252 217 2311 290 ns

284 387 395 460 tiosos
409 385 567 480 puniunt
592 397 627 456 et
651 385 801 479 ignavos
826 387 947 459 etiam.
999 387 1125 458 Tertio
1141 384 1277 459 habent
1330 401 1390 459 tur
1405 388 1559 477 frigore,
1583 388 1666 482 quia
1689 399 1742 458 est
1755 385 1887 456 animal
1910 385 2045 480 alioqui
2060 385 2231 478 trigidum
2247 388 2310 458 sine

282 489 547 573 fortitudinem,
572 489 655 584 quia
674 490 847 560 acerrime
864 491 1048 574 dimicant,
1065 495 1155 562 sicut
1170 503 1277 584 poeta
1333 490 1519 584 sanguiue.

282 591 420 686 inquit:
447 589 598 662 Animas
614 593 652 660 iu
668 593 816 662 vulnere
832 593 1014 687 linquunt.
1063 594 1155 664 Sunt
1169 595 1277 664 etiam
1433 591 1494 664 Vs.
1510 592 1572 664 36.
1590 588 1706 690 Golor]
1729 591 1812 686 quia
1830 591 2205 673 connumeratae,
2231 591 2312 664 ideo

285 695 442 785 frugales
460 707 495 764 et
510 707 749 787 temperantes
766 699 974 768 admodum.
1001 697 1093 770 Nam
1110 699 1280 788 ignorant
1333 721 1402 790 que
1418 695 1521 764 lacilc
1536 697 1740 765 resolvitur.

284 795 485 880 Venerem,
516 809 713 867 nascuntur
733 799 809 870 siue
832 801 1036 872 concubitu.
1096 801 1280 892 Colliguut
1434 797 1494 868 νε.
1511 797 1573 868 39.
1600 793 1750 894 Ruunt]
1778 796 1815 864 id
1840 807 1911 878 est,
1945 795 2135 892 diligenter
2163 797 2313 868 muniant

288 900 385 970 euim
412 923 554 984 rorem,
581 912 617 969 et
638 900 742 970 illum
763 926 884 972 rorem
910 906 1132 975 transierunt
1154 905 1192 972 in
1215 904 1279 972 do·
1332 924 1413 970 suas
1449 903 1696 972 domunculas.
1772 889 1922 998 Linuut]
1962 901 1999 968 id
2035 899 2312 989 est,'oblinum.
2376 882 2381 963 f

282 1003 492 1088 munculos,
519 1015 554 1074 et
569 1003 742 1074 incubant
755 1019 797 1076 ut
811 1029 905 1077 aves.
958 1005 1014 1076 Ex
1032 1007 1094 1076 illo
1122 1031 1206 1077 rore
1228 1007 1280 1098 gi·
1333 995 1438 1100 Oros]
1480 1003 1518 1072 id
1549 1017 1619 1086 est,
1646 1005 1768 1072 rimas.
1896 995 1999 1100 Fuso]
2034 1003 2171 1085 idest,
2210 1003 2312 1096 aliqua
2376 1030 2380 1055 ¹

284 1105 406 1198 guitur
424 1105 659 1191 vermiculus,
687 1132 728 1178 ex
748 1135 821 1202 quo
837 1110 877 1177 fit
893 1109 982 1201 apis.
1331 1119 1434 1198 parte
1457 1107 1543 1177 favi.
1593 1107 1686 1178 Nam
1702 1105 1801 1174 varia
1830 1119 1914 1176 sunt
1938 1129 2048 1198 opera
2075 1105 2215 1190 mellis,
2248 1108 2314 1190 mel,

385 1205 446 1280 Vs.
463 1209 498 1278 6.
529 1213 574 1279 ln
593 1215 689 1282 tenui
709 1213 820 1304 labor]
854 1213 987 1294 idest,
1029 1225 1278 1303 argumentum
1332 1233 1433 1292 cera,
1462 1223 1498 1278 et
1522 1223 1645 1302 postea
1672 1208 1822 1280 crassius
1845 1209 2029 1303 quiddam.
2097 1208 2197 1278 llaec
2224 1209 2312 1279 etiam

282 1323 337 1382 est
358 1313 484 1394 tenue,
523 1313 584 1381 scd
609 1336 684 1382 uon
709 1328 761 1384 est
795 1317 913 1386 tenuis
937 1316 1042 1384 labor
1064 1317 1124 1386 illa
1150 1341 1280 1386 ornare
1333 1337 1375 1382 ex
1417 1310 1610 1384 Aristotele
1624 1312 1657 1408 ⁴)
1696 1314 1849 1404 petenda
1883 1326 1987 1396 sunt,
2029 1310 2093 1405 qui
2128 1314 2310 1382 admodum

284 1413 414 1484 verbis.
703 1496 705 1504 Ι
1331 1415 1399 1487 fuit
1416 1416 1568 1506 diligens
1584 1417 1621 1484 in
1637 1413 1876 1508 descriptione
1894 1441 2021 1508 apurn;
2053 1415 2138 1484 item
2165 1441 2209 1484 ex
2228 1415 2314 1486 Colu-

386 1513 449 1586 Vs.
467 1516 503 1587 8.
530 1513 724 1617 Principio]
751 1517 806 1588 De
824 1520 925 1603 loco,
951 1519 1014 1590 ubi
1029 1518 1102 1592 siut
1123 1521 1279 1592 alvearia
1332 1519 1453 1599 mella,
1480 1519 1540 1612 qui
1556 1521 1623 1589 luit
1640 1518 1859 1610 diligentior.

288 1620 510 1690 collocanda.
1437 1620 1497 1690 Vs.
1516 1619 1576 1692 40.
1603 1617 1771 1718 utonem]
1798 1622 1921 1702 idest,
1949 1618 2077 1688 officia.

382 1718 445 1791 Vs.
467 1721 503 1793 9.
543 1719 677 1822 Ventis]
713 1724 796 1818 quia
829 1737 955 1796 ventus
983 1725 1150 1818 dissipat.
1202 1725 1280 1818 Ego
1436 1723 1497 1794 νε.
1516 1723 1577 1796 41.
1609 1719 1723 1824 Viaco]
1751 1723 1864 1815 Vogel
1879 1724 1988 1816 leym.

284 1823 360 1916 ipse
376 1823 468 1907 vidi,
497 1828 682 1919 quomodo
705 1827 898 1896 veniebant
922 1852 1008 1920 apes
1031 1830 1159 1900 obviae
1189 1830 1281 1914 aliis,
1437 1826 1496 1898 νε.
1513 1823 1576 1898 45.
1605 1822 1755 1924 cutilia]
1782 1827 1908 1910 idest,
1935 1822 2107 1894 alvearia.

287 1939 477 2020 etpartem
496 1928 617 2000 oneris
632 1929 670 1998 iu
686 1953 722 2000 se
738 1931 1014 2002 transferebant.
1429 1929 1497 2028 νε.
1517 1928 1578 2002 47.
1617 1923 1771 2027 Torum]
1795 1929 1941 2024 Eybeu,
1976 1927 2102 2011 idest,
2135 1951 2214 1996 nou
2243 1927 2316 1996 acci·

387 2027 447 2104 Vs.
465 2031 523 2104 13.
550 2027 709 2130 Moerti]
735 2032 881 2125 proprie
895 2033 1024 2126 Eydes.
1334 2031 1412 2123 pias
1430 2049 1622 2104 venenatas
1641 2037 1800 2104 arbores.

382 2137 444 2210 νε.
464 2137 523 2209 14.
545 2130 783 2234 Meropesque]
800 2137 965 2227 Merops,
985 2138 1041 2208 ein
1059 2137 1182 2228 goller.
1216 2136 1282 2208 Est
1436 2134 1498 2206 νε.
1517 2135 1579 2207 48.
1601 2131 1685 2233 Ure]
1701 2138 1797 2229 Apes
1813 2159 1887 2206 non
1904 2146 2053 2224 possunt
2070 2133 2165 2204 lcrre
2178 2134 2315 2204 sumum.

282 2245 359 2316 avis
381 2237 519 2314 habens
544 2253 667 2332 pectus
694 2242 959 2332 propemodum
983 2241 1140 2332 gilvum,
1167 2253 1202 2310 et
1226 2265 1281 2310 ca·
1437 2236 1569 2310 νε.49.
1589 2243 1678 2310 Odor
1693 2232 1926 2336 eocniprovis]
1943 2238 2054 2322 idest,
2068 2237 2315 2308 woesstinckt

283 2363 351 2443 put
378 2345 583 2414 candidum.
660 2415 664 2424 ,
1284 2371 1289 2393 ¹
1334 2337 1472 2426 Latini,
1510 2355 1552 2412 ut
1575 2338 1666 2412 mihi
1694 2343 1856 2426 videtur,
1890 2366 1999 2434 grave
2014 2341 2116 2412 olens
2143 2363 2213 2433 pro
2233 2337 2317 2410 omui

385 2448 447 2520 Vs.
466 2444 526 2520 15.
554 2451 687 2538 Proque
703 2438 753 2542 i)]
776 2444 812 2512 id
839 2457 910 2528 est,
943 2441 1123 2529 hiru'udo,
1159 2445 1197 2515 id
1218 2459 1282 2528 est,
1333 2443 1471 2513 foetore
1489 2456 1523 2513 et
1538 2445 1634 2514 malo
1651 2447 1762 2516 odore
1777 2457 1966 2536 usurpant.

284 2555 372 2625 istae
399 2547 503 2636 aves,
545 2575 637 2644 quae
667 2549 1031 2628 devorant'muscas,
1074 2547 1211 2632 absint,
1242 2563 1282 2618 ut
1367 2601 1373 2612 .
1437 2545 1498 2617 Vs.
1516 2546 1577 2620 50.
1615 2544 1873 2647 saracenam]
1908 2547 1971 2618 ubi
2000 2542 2198 2631 estEcho,
2235 2547 2317 2642 quia,

286 2669 371 2730 sunt
393 2678 578 2746 meropes,
611 2647 844 2734 hirundines,
881 2650 965 2720 item
988 2675 1139 2744 parrae,
1174 2675 1281 2743 parra
1336 2651 1482 2740 quaudo
1513 2651 1611 2742 ipsae
1633 2653 1808 2735 stridunt,
1849 2665 1934 2722 tunc
1956 2649 2119 2720 redditur
2140 2645 2261 2733 Echo,
2290 2660 2318 2718 et

290 2759 349 2830 eiu
366 2757 509 2852 Meyse,
536 2757 622 2828 alius
640 2753 756 2845 parix.
1335 2747 1384 2818 ita
1411 2755 1682 2844 perturbantur.
1749 2753 1844 2826 Nam
1874 2777 2004 2826 sonum
2037 2766 2257 2846 agnoscunt,
2290 2765 2317 2821 et

388 2860 450 2934 Vs.
469 2859 528 2930 19.
554 2851 718 2954 Fupiens]
746 2855 938 2946 Eleganter
954 2869 1006 2926 est
1027 2881 1131 2940 usus,
1158 2855 1196 2924 id
1219 2866 1282 2940 est,
1334 2877 1425 2923 sono
1443 2857 1623 2926 ducuntur
1638 2857 1759 2928 etiam.
1812 2855 1859 2926 Et
1875 2881 2097 2952 quamquam
2114 2851 2253 2926 habent
2266 2879 2317 2924 ua·

287 2963 455 3036 'celeriter
470 2963 677 3032 decurrens.
1335 2958 1469 3029 turales
1498 2959 1768 3045 inclinationes,
1803 2975 1924 3030 tamen
1959 2971 2012 3032 est
2035 2984 2180 3054 quoque
2216 2959 2255 3028 iu
2278 2957 2317 3028 eis

387 3065 449 3138 Vs.
475 3067 537 3139 20.
569 3055 768 3160 Palmaque]
791 3061 1023 3130 dattelbaum.
1076 3059 1201 3128 Palma
1227 3084 1283 3128 ar·
1335 3063 1512 3153 quaedam
1531 3064 1687 3152 agnitio,
1723 3065 1817 3134 utin
1834 3063 2142 3158 caeterisquoque
2165 3062 2316 3131 animali-

288 3171 376 3254 bor,
403 3171 448 3238 da
464 3170 521 3238 die
547 3166 671 3237 datteli
688 3167 765 3234 auli
778 3160 960 3234 wachsen.
1041 3164 1217 3234 obumbret
1233 3163 1283 3259 8)]
1334 3163 1422 3246 bus,
1449 3164 1540 3236 sicut
1556 3166 1593 3234 in
1607 3167 1733 3250 asinis,
1758 3167 1802 3236 de
1820 3167 1948 3262 quibus
1965 3166 2087 3237 scribit
2101 3161 2318 3246 Plutarchus,

287 3271 425 3354 idest,
461 3273 607 3366 quando
643 3269 896 3361 egrediuntur,
933 3261 1091 3336 habeant
1123 3267 1281 3360 aliquam
1336 3267 1435 3359 quod
1450 3269 1666 3339 memoriam
1685 3270 1806 3364 aliqua
1824 3295 1866 3339 ex
1882 3281 1985 3362 parte
1998 3264 2175 3350 habeant,
2200 3283 2237 3339 et
2250 3267 2317 3360 pul-

287 3375 470 3446 umbram.
718 3361 729 3374 ⁶
1336 3365 1459 3439 chram
1481 3367 1668 3442 historiam
1693 3374 1831 3442 recitat.
1891 3371 2023 3442 Scribit
2052 3372 2192 3442 asinum
2218 3393 2318 3466 queo·

389 3475 452 3550 νε.
468 3471 531 3552 25.
545 3479 590 3547 lu
605 3474 766 3567 medium]
790 3474 827 3542 id
843 3484 907 3556 est,
923 3472 960 3540 in
976 3472 1131 3541 mediam
1150 3497 1282 3566 aquam
1335 3473 1418 3540 dam
1434 3475 1579 3545 solitum
1598 3501 1672 3546 esse
1687 3477 1781 3546 serre
1794 3476 1896 3560 sales,
1923 3475 1986 3570 qui
2002 3499 2082 3545 cum
2099 3477 2144 3544 ad
2161 3476 2318 3566 paludem

286 3580 345 3650 vel
368 3592 565 3650 torrentem
588 3579 721 3649 colloca
748 3576 872 3648 salices
896 3588 931 3645 et
957 3575 1114 3667 lapides,
1158 3591 1198 3646 ut
1221 3573 1284 3646 ha·
1335 3575 1489 3648 venisset
1505 3579 1616 3662 lorte,
1642 3605 1679 3650 se
1701 3579 1878 3650 immersit
1901 3603 2037 3673 aquae,
2064 3578 2188 3648 volens
2212 3603 2247 3649 se
2265 3602 2319 3644 vo·

286 3682 398 3753 beant
420 3708 503 3754 suos
528 3695 675 3774 pontes,
702 3682 739 3749 in
761 3681 889 3774 quibus
911 3679 1122 3760 considant,
1148 3693 1184 3749 et
1206 3707 1284 3750 mu·
1333 3679 1462 3752 lutare.
1513 3681 1631 3752 Servit
1651 3694 1769 3754 autem
1785 3682 1898 3752 levari
1913 3707 1948 3753 se
1966 3705 2086 3752 onere.
2132 3680 2221 3750 Cum
2237 3680 2320 3752 sales

288 3796 352 3854 tuo
366 3808 403 3854 se
422 3786 610 3872 colligant,
636 3788 665 3854 si
684 3785 829 3876 quando
846 3784 1025 3873 dispersae
1041 3794 1135 3852 suut.
1307 3829 1311 3921 1
1336 3783 1485 3853 resoluti
1500 3798 1628 3868 essent,
1655 3800 1777 3879 postea
1795 3813 1874 3856 cum
1892 3809 2014 3855 rursus
2030 3785 2098 3855 iter
2116 3787 2249 3854 laceret
2264 3807 2320 3876 per

392 3886 453 3959 Vs.
470 3887 530 3958 30.
549 3890 642 3958 Haec
656 3882 803 3985 circum]
820 3883 874 3956 De
890 3885 1041 3976 pascuis.
1146 3879 1282 3983 ilarius]
1308 3924 1312 3978 ι
1336 3887 1489 3954 eundem
1516 3889 1655 3974 loc'um,
1681 3891 1731 3960 ibi
1753 3915 1789 3961 se
1814 3913 1958 3982 quoque
1984 3887 2181 3971 volutavit,
2220 3887 2319 3980 idque
2386 3939 2387 3958 .

287 3988 487 4075 Nescimus,
512 3989 599 4084 quid
616 3990 679 4086 sit;
706 3993 769 4060 das
788 3985 1000 4082 manheysst
1013 3988 1170 4060 Cassiam
1187 3992 1284 4060 listu·
1336 3989 1439 4058 tertia
1460 3992 1535 4060 vice
1552 3992 1715 4064 faciebat.
1749 3993 1913 4062 Tandem
1929 3991 2180 4082 imposuerunt
2195 3992 2227 4060 ei
2240 4013 2320 4080 pao·
2386 4009 2387 4068 l

287 4092 382 4176 lam,
408 4093 454 4166 ist
478 4094 537 4163 ein
562 4091 799 4185 anderDiug.
852 4093 976 4188 Aliqui
999 4093 1123 4162 dicunt
1147 4104 1284 4164 veteres
1335 4115 1446 4175 urim,
1483 4106 1614 4166 etcum
1632 4097 1738 4167 solito
1756 4096 1911 4165 moreio
1930 4119 2022 4188 aqua
2045 4094 2319 4186 corpusroluta·

287 4219 447 4280 vocasse,
464 4197 562 4290 quod
579 4220 645 4267 nos
659 4219 829 4267 vocamus
845 4219 996 4290 granum
1008 4195 1184 4288 gnidium,
1201 4195 1284 4267 Kel-
1336 4207 1411 4277 ret,
1444 4198 1554 4267 sensit
1576 4199 1773 4290 plurimum
1796 4225 1833 4270 se
1856 4197 2020 4290 gravari,
2057 4222 2139 4266 cum
2164 4196 2320 4288 videlicet

287 4293 438 4382 lerhals,
471 4301 569 4392 quod
597 4323 662 4390 ego
686 4323 761 4369 uon
787 4313 876 4391 puto
897 4325 1021 4370 verum
1051 4325 1137 4374 esse.
1200 4300 1283 4372 Non
1335 4298 1449 4390 panni
1463 4296 1660 4372 humectati
1677 4315 1803 4374 essent.
1855 4301 1903 4370 Et
1925 4301 2090 4394 deinceps
2114 4323 2196 4369 cum
2218 4302 2321 4369 ferret

290 4401 454 4471 existimo
472 4395 568 4472 huuc
582 4403 708 4472 llorem
726 4417 867 4492 gratum
885 4427 957 4474 esse
976 4405 1114 4498 apibus.
1334 4401 1445 4485 sales,
1470 4427 1546 4474 non
1570 4407 1724 4498 amplius
1746 4429 1821 4476 sese
1845 4403 2031 4475 volutavit.
2066 4441 2070 4450 ·
2093 4400 2183 4472 ltem
2209 4402 2320 4474 asinus

391 4501 523 4576 vest.
542 4499 749 4604 thymbrae]
764 4503 965 4600 Thymbra,
981 4507 1151 4594 satureia,
1165 4509 1283 4579 cunila
1336 4507 1497 4595 agnoscit
1523 4503 1693 4594 herbam,
1734 4533 1825 4604 quae
1856 4522 2006 4578 vocatur
2037 4503 2320 4598 scolopendrion.

289 4603 386 4676 idem
405 4606 618 4698 significant,
633 4609 848 4682 Germanice
865 4612 1066 4702 gartenkol.
1098 4610 1283 4684 Interdum
1336 4609 1449 4678 veteri
1477 4613 1718 4704 appellatione
1751 4614 1950 4703 asplenum.
2024 4609 2147 4692 Hanc,
2183 4607 2319 4706 quando

290 4707 447 4780 cunilam
461 4721 497 4780 et
512 4712 706 4782 satureiam
723 4737 790 4805 pro
807 4715 958 4804 origano
974 4730 1169 4809 usurpant,
1197 4716 1282 4810 quia
1335 4714 1429 4782 male
1446 4714 1592 4785 affectus
1614 4727 1683 4799 est,
1711 4719 1871 4810 quaerit:
1900 4739 1983 4806 ergo
2008 4737 2150 4784 necesse
2175 4726 2224 4784 est
2242 4733 2321 4779 eum

291 4823 344 4882 est
361 4810 536 4908 quiddam
549 4813 665 4885 simile
682 4815 846 4906 origano.
1335 4812 1467 4886 habere
1489 4818 1700 4902 discrimen,
1735 4843 1809 4913 quo
1833 4819 2011 4888 discernat
2036 4839 2055 4884 a
2081 4817 2227 4910 reliquis
2243 4810 2321 4882 her-

391 4913 452 4988 Vs.
467 4915 531 4991 34.
568 4912 749 5017 Aloeorio]
791 4932 917 4990 aete
951 4918 1214 4992 contrahuntur
1244 4920 1283 4991 iu
1334 4919 1400 4990 bis.
1454 4921 1577 5014 Quare
1601 4947 1822 5017 quamquam
1848 4925 1885 4990 in
1911 4919 2154 4991 animantibus
2176 4916 2321 4992 suntin·

289 5039 399 5088 unam
417 5019 605 5111 syllabam,
627 5023 726 5115 quod
741 5021 887 5092 Graecis
903 5022 1174 5094 usitatissimum
1193 5037 1257 5094 est.
1335 5022 1565 5107 clinatiooes,
1595 5049 1687 5120 quae
1704 5038 1787 5095 sunt
1803 5024 2017 5116 principales
2033 5045 2182 5106 causae,
2205 5035 2320 5090 tamen

392 5119 455 5192 Vs.
470 5119 533 5195 35.
558 5127 684 5197 Aditus
738 5149 832 5194 vorn
854 5123 913 5196 die
938 5120 1062 5196 locher
1084 5151 1132 5196 an
1155 5126 1282 5198 binen·
1335 5125 1471 5195 accedit
1499 5152 1643 5222 quoque
1668 5129 1817 5220 agnitio.
1870 5127 1927 5197 Sic
1949 5126 1986 5194 in
2011 5123 2137 5218 apibus
2154 5137 2204 5196 est
2220 5133 2320 5190 natu-

288 5223 449 5296 ³ll5cken0
550 5230 692 5318 Frigore
735 5224 837 5322 lpsae
854 5252 939 5320 apes
951 5229 1117 5302 facillime
1134 5232 1282 5313 laedun-
1334 5229 1420 5300 ralis
1442 5229 1650 5316 inclinatio,
1683 5245 1723 5302 ut
1747 5232 1879 5300 faciant
1902 5230 2157 5312 domunculas,
2188 5227 2245 5298 sed
2268 5234 2320 5290 ta·

1339 5372 1543 5388 *1-

322 5389 355 5526 ,i
376 5387 734 5458 Praem1110uo.tau.;
755 5393 805 5446 ut.
825 5395 964 5454 Wagner.
986 5397 1103 5450 Procne.

321 5459 846 5528 rosmaru1110ro.rosa;ua.
867 5467 1004 5532 wagner.
1022 5468 1176 5520 inumbret.
1302 5485 1312 5526 t
1369 5463 1400 5528 ⁴)
1419 5465 1537 5521 Actstot.
1556 5463 1630 5518 illst.
1649 5463 1760 5522 rotnst.
1779 5463 1816 5528 V,
1831 5463 1871 5518 tu.
1890 5463 1940 5514 Eu
1960 5463 2117 5518 sotnddsr.
