4800 6054
266 192 355 268 ’568

352 361 475 416 umecta
492 362 636 426 lacrymas
655 357 744 410 stlllct
761 359 795 410 ds
813 371 882 422 rupe
899 359 1031 410 mdeiitee

418 447 582 500 Fonticulus
601 445 699 496 vltrels
719 444 931 508 conspiciendus
950 444 1047 508 aquis,

349 537 436 598 Quem
455 533 522 584 bibit
541 533 567 582 in
587 529 673 594 petris
693 531 861 582 Samnitibus
879 531 972 582 incola
990 530 1076 580 vallis

417 618 558 680 deploras,
576 617 605 666 et
624 615 704 664 sedat
723 615 853 665 blandula
870 616 985 680 lympha
1003 613 1088 664 sitini.

349 709 419 757 'ri-es
438 705 503 755 ollae
520 701 579 764 blo,
598 701 672 750 lania
689 701 751 764 est,
770 699 870 751 viduae
887 703 991 750 flevere
1010 701 1121 763 puellae

422 791 497 841 llaec
513 789 638 850 mtrem,
656 787 724 838 baec
741 789 852 852 namn,
871 786 984 838 tristior
1002 787 1053 837 ttlo
1071 786 1176 852 rtrum,

352 879 405 944 out
423 889 484 927 eun
501 872 634 924 Romanis
652 873 766 924 duellos
785 874 851 924 tuuc
869 874 988 926 tortlbus
1007 873 1093 926 arrato

420 959 573 1026 congressi
592 961 706 1021 pulchra
726 964 815 1012 morte
833 958 928 1012 obiere
947 961 1026 1012 diem.

352 1049 374 1102 ⁰
393 1047 456 1098 lons
476 1047 540 1096 nate
557 1044 612 1110 plis
631 1047 766 1108 lacrymis
785 1049 814 1097 et
831 1045 940 1096 fletibus
958 1050 1058 1112 aucte,

421 1132 512 1184 Testis
530 1133 559 1182 et
578 1130 709 1196 anthuae
727 1133 791 1184 tons
810 1131 922 1196 pletatls
938 1143 1025 1182 eruor.

579 1285 712 1381 Lycii
743 1286 788 1356 in
822 1311 972 1360 ranas.

382 1425 640 1520 Depinguntur
672 1422 731 1494 hic
770 1425 914 1517 ingenia
946 1439 981 1495 et
1016 1452 1136 1498 mores
1169 1426 1276 1496 rusti-

280 1556 430 1616 corum,
474 1531 538 1625 qui
566 1529 604 1597 in
635 1529 757 1600 multis
792 1523 1020 1620 regionibus,
1057 1543 1098 1600 ut
1130 1530 1169 1600 in
1202 1529 1276 1599 An-

279 1635 347 1727 glia
384 1648 419 1704 et
448 1631 647 1715 Vasconia,
690 1634 781 1701 adeo
816 1632 974 1723 improbi
1008 1646 1092 1703 saint
1128 1645 1164 1702 et
1199 1657 1276 1702 ma-

279 1736 409 1821 litiosi,
451 1749 491 1806 ut
523 1735 661 1803 nemini
700 1737 812 1805 ullum
842 1731 1080 1806 humanitatis
1117 1737 1274 1806 officinm

280 1851 479 1934 praestent,
507 1861 551 1906 ne
569 1837 639 1928 ipsi
655 1839 800 1932 quidem
816 1835 916 1921 Deo,
943 1839 973 1908 si
990 1841 1189 1910 advenerit.
1221 1839 1273 1908 Ea

280 1955 333 2014 est
347 1956 465 2014 autem
483 1953 612 2010 natura
629 1941 860 2026 rusticorum,
880 1955 1002 2035 utquo
1013 1943 1128 2034 magis
1144 1967 1273 2034 rogen-

280 2059 358 2130 tur,
394 2069 436 2116 co
474 2043 687 2114 insolentius
724 2057 760 2113 et
790 2045 1035 2117 contumacius
1067 2071 1104 2116 se
1136 2060 1273 2137 gerant.

280 2150 408 2220 Servat
432 2148 542 2240 igilur
565 2148 734 2216 decorum
761 2162 867 2239 poeta
890 2147 928 2216 in
947 2173 1008 2233 eo,
1051 2151 1148 2242 qnod
1171 2149 1274 2241 lingit

278 2251 410 2346 Lycius
433 2253 530 2322 nulla
555 2251 794 2320 obtestatione
816 2251 929 2334 flecti,
957 2275 1088 2346 eosque
1112 2253 1272 2322 converti

279 2356 318 2424 in
340 2380 460 2428 ranas.
515 2357 565 2426 Ut
585 2355 680 2424 enirn
706 2379 816 2424 ranae
839 2357 877 2424 in
899 2357 1091 2446 paludibus
1113 2369 1148 2425 et
1164 2356 1271 2426 limo:

277 2459 327 2528 ita
348 2460 472 2530 rustici
495 2459 533 2528 in
558 2457 736 2539 tabernis,
768 2454 944 2541 humore,
979 2460 1091 2542 saltu,
1120 2458 1273 2528 alterca-

276 2563 375 2630 tione
409 2576 444 2633 et
475 2561 731 2632 vociferatione
766 2566 943 2652 gandent,
976 2586 1017 2633 ae
1049 2561 1117 2633 sibi
1147 2563 1272 2632 viden·

275 2677 334 2736 tur
350 2665 469 2758 perire
484 2665 562 2750 siti,
586 2665 656 2734 nisi
672 2665 710 2734 in
726 2665 812 2757 ipsis
834 2665 937 2761 quasi
950 2666 1055 2736 doliis
1072 2662 1245 2736 habitent.

433 2923 436 2928 .
484 2868 695 2962 Marsyas
729 2867 1067 2958 excoriatus³⁷).

378 3005 543 3099 Marsyas
566 3004 635 3076 fuit
656 3020 762 3097 poeta
786 3006 940 3099 lyricus,
984 3031 1091 3102 quem
1116 3006 1270 3078 Ovidius

273 3121 487 3201 propterea,
512 3121 553 3179 ut
570 3108 749 3192 arbitror,
776 3111 934 3202 appellat
953 3111 1143 3204 Satyrum,
1171 3113 1270 3205 qnod

273 3213 331 3282 vel
362 3213 566 3282 inconditos
598 3211 655 3282 vel
684 3215 881 3284 obscoenos
916 3237 1039 3284 versus
1074 3215 1268 3305 scripserit.

273 3315 379 3386 Hunc
411 3329 539 3407 poetae
566 3316 775 3400 fabulantur
795 3341 876 3386 earm
898 3317 1068 3408 Apolline
1097 3319 1269 3386 tibiarum

274 3432 382 3488 cantu
398 3432 565 3488 certasse.
613 3417 698 3488 Fuit
716 3419 812 3488 enim
830 3420 981 3510 insignis
998 3445 1144 3516 quoque
1160 3420 1269 3490 musi-

273 3547 353 3606 cus,
380 3535 487 3615 atque
503 3521 665 3592 omnium
691 3523 829 3614 primus
854 3524 979 3594 tibiam
1004 3526 1189 3593 modulate
1212 3523 1271 3592 in-

271 3623 381 3696 flavit.
436 3623 527 3696 Cum
553 3649 638 3692 vero
666 3651 723 3696 ars
749 3626 919 3697 tibiarum
948 3627 1078 3696 abillo
1103 3626 1268 3710 excitata,

271 3723 397 3798 haberi
422 3728 519 3820 apud
544 3727 720 3811 Graecos,
746 3731 958 3821 praesertim
989 3727 1204 3813 Thebanos,
1231 3731 1269 3799 in

272 3842 373 3900 tanto
397 3825 537 3902 honore
562 3856 603 3900 ac
626 3832 743 3924 pretio
769 3833 961 3925 coepisset,
998 3847 1039 3905 ut
1063 3859 1082 3904 a
1106 3833 1270 3906 multitu·

271 3933 355 4004 dine
384 3934 554 4006 omnibus
576 3937 650 4004 fere
679 3937 888 4010 liberalibus
912 3937 1049 4008 artibus
1075 3939 1268 4008 anteferre-

271 4049 349 4122 tur,
375 4050 535 4135 essetque
550 4063 663 4132 prope
686 4036 982 4112 honorificentius
998 4065 1134 4111 nomeu
1154 4041 1268 4110 tibici-

270 4141 344 4227 nis,
372 4169 482 4238 quam
500 4155 563 4212 aut
577 4157 705 4235 poetae
730 4157 793 4216 aut
813 4145 987 4228 oratoris,
1017 4140 1268 4229 Athenienses,

273 4249 369 4338 apud
388 4272 479 4342 quus
495 4247 721 4342 eloquentiae
744 4261 780 4318 et
799 4248 997 4340 sapientiae
1022 4249 1140 4321 studia
1165 4261 1269 4320 erant

271 4349 310 4418 in
326 4351 585 4433 admiratione,
614 4354 659 4422 ad
675 4353 897 4422 evellendam
923 4348 1017 4422 hanc
1042 4353 1267 4446 opinionem,

271 4453 451 4524 linxerunt
469 4455 628 4526 fabulam
653 4459 697 4526 de
721 4454 887 4526 Minerva
914 4457 1037 4526 tibiam
1065 4458 1268 4544 abiiciente,

271 4568 305 4625 et
329 4559 372 4626 de
386 4555 556 4650 Apolline
572 4559 776 4630 excoriante
793 4560 998 4654 Marsyam,
1032 4575 1073 4634 ut
1091 4563 1268 4655 significa·

269 4671 351 4730 rent
366 4673 480 4730 artem
498 4662 650 4732 canendi
667 4663 769 4749 tibia,
797 4690 871 4738 esse
886 4666 1112 4754 illiberalem,
1135 4694 1267 4763 nempe

269 4788 361 4854 quae
377 4759 519 4834 homini
540 4766 805 4840 deformitatem
823 4771 970 4857 afferat,
996 4799 1107 4868 osque
1132 4785 1167 4845 et
1182 4774 1267 4844 buc·

268 4889 326 4936 cas
342 4869 452 4938 inflet.
505 4868 586 4962 Qua
612 4872 733 4942 fabula
761 4888 881 4946 molus
897 4876 1123 4962 Alcibiades,
1152 4889 1192 4948 ut
1212 4902 1266 4948 re·

265 4969 335 5040 fert
355 4968 572 5045 Plutarchus
587 4973 654 5074 ³⁸),
688 4977 796 5049 tibiae
822 4993 968 5053 cantum
993 4995 1178 5054 aversatus
1201 4993 1266 5066 est,

298 5201 348 5270 dd)
368 5204 448 5259 orta.
467 5213 533 5262 atel.
555 5213 605 5280 Vl,
624 5213 786 5270 317-381.

299 5303 684 5384 mmmmm

297 5407 347 5475 lle)
366 5413 504 5470 Plutarch.
523 5417 582 5470 vlla
600 5421 752 5473 alclblsdls
771 5436 794 5476 e.
808 5423 834 5474 2.

845 183 973 260 Pala.
1007 181 1124 259 MEL.
1156 179 1360 258 scamna
1393 177 1732 258 PHILOLOGICA.

2250 179 2328 258 ⁵64

1335 367 1508 448 tanquam
1540 354 1698 446 ingenuo
1729 351 1878 426 homine
1905 353 2114 448 indignum,
2148 353 2327 450 dixitque:

1336 457 1479 530 Canant
1488 453 1747 528 Thebanorum
1763 459 1885 540 liberi;
1913 459 2014 553 loqui
2030 459 2125 528 enim
2146 459 2327 538 nesciunt;

1334 561 1439 630 nobis
1456 574 1574 630 autern
1596 556 1876 634 Atheniensibus
1901 561 2023 632 sinant
2040 565 2176 657 absque
2192 561 2327 630 invidia

1335 665 1456 734 adesse
1496 673 1531 733 el
1552 663 1779 751 Minervam,
1821 690 1914 764 quae
1944 666 2071 734 tibiam
2101 663 2256 744 abiecit,
2291 676 2325 733 et

1333 766 1559 858 Apollinem,
1582 768 1645 862 qui
1659 769 1840 839 tibicinem
1857 768 2064 842 excoriavit.
2117 767 2220 860 Quos
2234 767 2326 835 Alei·

1333 869 1447 940 biudis
1478 894 1663 942 sermones
1692 873 1825 964 partim
1853 873 1933 943 ioco
1955 871 2023 970 ⁹),
2068 871 2201 962 partim
2232 869 2323 940 serio

1332 968 1495 1057 habitos,
1529 975 1592 1045 ubi
1617 977 1714 1044 fama
1742 975 1838 1046 inter
1864 976 2104 1048 adolescentes
2126 973 2323 1063 dissipavit,

1332 1077 1467 1149 eunctis
1491 1078 1705 1150 sententiam
1738 1079 1813 1150 eins
1839 1079 2096 1173 probantibus,
2137 1089 2322 1167 tantopere

1331 1182 1528 1274 contempti
1544 1197 1628 1254 saint
1643 1183 1819 1268 tibicines,
1835 1197 1875 1253 ut
1890 1181 2074 1254 communi
2091 1203 2268 1250 consensu
2282 1203 2322 1250 ex

1331 1285 1431 1352 omni
1447 1285 1689 1376 ingenuorum
1705 1299 1809 1372 coetu
1825 1298 2080 1359 amoverentur
2096 1285 2218 1354 tibiae.
2250 1281 2321 1352 Me-

1329 1387 1436 1456 minit
1452 1384 1558 1460 huius
1574 1395 1719 1486 quoqn'e
1732 1390 1874 1462 fabulae
1891 1389 2100 1462 Aristoteles
2120 1389 2156 1459 7.
2202 1386 2318 1455 Politi-

1330 1515 1476 1577 corum‚
1502 1494 1564 1564 ubi
1587 1497 1640 1564 ait
1657 1507 1733 1562 arte
1756 1493 1927 1586 tibiarum
1951 1491 2121 1584 impediri
2142 1516 2248 1562 usum
2267 1515 2318 1558 ra-

1329 1593 1453 1665 tionis:
1480 1597 1601 1691 itaque
1624 1595 1762 1688 priscos
1785 1597 1830 1668 in'
1847 1595 2131 1668 adolescentibus
2146 1607 2183 1664 et
2202 1595 2316 1666 liberis

1327 1693 1535 1770 hominibus
1551 1701 1773 1794 improbasse
1793 1699 1869 1772 eius
1886 1727 2011 1788 usum,
2037 1713 2074 1769 et
2095 1698 2239 1771 linxisse
2254 1699 2316 1768 Mi·

1327 1826 1497 1887 nervam,
1529 1829 1609 1874 cum
1631 1804 1757 1874 tibiam
1782 1803 1996 1889 invenisset,
2030 1828 2109 1874 eam
2133 1802 2315 1884 abiecisse;

1327 1917 1361 1974 et
1377 1931 1596 2002 quamquam
1617 1907 1690 1980 oria
1706 1909 1935 1980 deformitate
1954 1909 2127 1980 offensam
2148 1907 2184 1976 id
2201 1908 2315 1978 fecisse

1327 2008 1425 2080 illam
1442 2034 1517 2080 non
1534 2011 1580 2082 sit
1597 2013 1755 2082 alienum
1782 2013 1919 2084 dicere:
1948 2026 2071 2082 tamen
2095 2010 2313 2104 probabilius

1327 2135 1400 2184 esse
1419 2115 1465 2182 ob
1485 2139 1562 2184 earn
1582 2139 1746 2201 causam,
1773 2119 1871 2210 quud
1888 2121 1934 2187 ad
1950 2115 2195 2208 cognitionem
2211 2113 2313 2184 animi

1326 2239 1383 2286 ars
1417 2217 1587 2288 tibiarum
1620 2215 1711 2288 nihil
1745 2220 1944 2312 pertineat,
1986 2245 2067 2290 eum
2107 2217 2312 2310 praesertim

1325 2319 1511 2391 Minervae
1540 2323 1724 2394 scientiam
1751 2335 1937 2418 artemque
1965 2324 2217 2394 attribuamus.
2264 2319 2311 2392 si-

1325 2423 1515 2512 gnificatur
1542 2426 1649 2494 etiam
1673 2426 1853 2496 inerudita
1872 2427 2011 2519 poetica
2030 2451 2096 2518 per
2118 2427 2271 2498 fistulam
2290 2447 2309 2494 a

1325 2526 1471 2596 Pallade
1506 2528 1703 2615 abiectam,
1744 2555 1814 2623 qna
1849 2532 1999 2625 Satyrus
2033 2553 2109 2602 sese
2146 2540 2309 2608 ostental;

1325 2625 1418 2700 hane
1436 2631 1532 2700 enim
1550 2657 1570 2700 a
1586 2633 1806 2724 sapientibus
1822 2649 1979 2726 spretam
2000 2633 2140 2726 Satyri,
2164 2630 2234 2704 hoc
2253 2644 2308 2716 est,
2386 2695 2387 2702 ,

1325 2735 1586 2805 versificatores
1611 2737 1706 2807 leves
1734 2749 1770 2806 et
1804 2738 2005 2830 petulantes
2040 2738 2308 2830 amplectuntur.
2386 2731 2387 2820 3

1323 2835 1440 2904 Porro
1465 2835 1511 2929 Q.
1537 2837 1681 2910 Curtius
1705 2838 1753 2934 ⁰⁰)
1783 2841 1922 2912 scribit:
1964 2842 2171 2936 Marsyam,
2203 2835 2307 2932 Phry·
2386 2833 2387 2858 ἶ

1324 2937 1402 3028 gine
1419 2964 1584 3026 ainnem,
1612 2968 1654 3012 ex
1670 2967 1811 3014 summo
1827 2944 1960 3016 montis
1976 2943 2163 3014 cacumine
2184 2943 2221 3012 in
2237 2945 2308 3014 sub·

1324 3042 1451 3112 ieetam
1477 3057 1615 3136 petram
1643 3049 1770 3136 cadere
1795 3073 1928 3141 magno
1954 3049 2105 3144 strepitu
2128 3059 2308 3143 aquarum,

1324 3158 1358 3214 et
1379 3145 1462 3218 inde
1478 3149 1645 3221 diffusum
1664 3151 1806 3243 placido
1823 3152 1894 3224 labi
1909 3177 2035 3236 cursu,
2066 3175 2220 3246 eamque
2243 3174 2307 3221 esse

1323 3273 1487 3335 cansam,
1514 3277 1577 3324 eur
1600 3269 1727 3346 poetae
1746 3257 1885 3346 fingant
1900 3256 2085 3350 Marsyam
2108 3247 2217 3326 fuisse
2235 3254 2308 3323 tibi·

1323 3353 1436 3424 einem
1460 3368 1496 3425 et
1521 3359 1741 3428 excoriatum
1768 3359 1952 3432 delicuisse
1975 3361 2013 3428 in
2038 3383 2164 3454 aquas.
2224 3359 2307 3430 Nara

1322 3459 1379 3527 ille
1398 3459 1566 3552 strepitus
1581 3475 1633 3533 est
1647 3461 1749 3555 quasi
1765 3475 1976 3548 concentus,
2004 3475 2040 3534 et
2062 3463 2181 3535 subita
2204 3485 2307 3556 aquae

1322 3563 1473 3632 mutatio
1499 3565 1622 3646 elficit,
1650 3578 1689 3633 ut
1714 3567 1830 3638 avonis
1852 3570 1966 3638 fracto
1989 3569 2126 3659 impetn
2144 3580 2307 3660 tanquam

1322 3668 1478 3736 detracta
1498 3681 1577 3737 cute
1595 3667 1722 3738 induat
1738 3670 1847 3741 alium
1874 3675 2051 3755 colorem,
2077 3672 2213 3764 fiatque
2235 3667 2308 3738 niti·

1321 3770 1498 3842 dissimus.

1406 3957 1597 4051 Pelopis
1632 3957 1850 4035 humerus
1888 3963 1932 4032 in
1968 3965 2233 4039 eburneum.

1371 4095 1432 4167 Vs.
1452 4093 1539 4168 405.
1566 4102 1649 4172 ebur
1663 4107 1847 4174 oclerodiase
1862 4107 2016 4176 sinistro.

1423 4233 1611 4327 Pelopem,
1630 4235 1775 4307 Tantali
1794 4241 1919 4324 filiurn,
1942 4241 2102 4310 arbitror
2116 4241 2250 4334 insigni
2266 4251 2310 4308 at·

1323 4361 1394 4432 que
1416 4340 1529 4408 atroci
1555 4342 1675 4436 aliqua
1700 4341 1831 4412 iniuria
1869 4343 2039 4415 afflictum
2065 4357 2100 4418 et
2122 4345 2312 4416 laceratum

1323 4440 1428 4511 inisse
1447 4469 1465 4510 a
1483 4456 1605 4536 patre,
1633 4470 1784 4540 caraque
1810 4473 1884 4519 esse
1911 4473 2076 4533 causam,
2104 4473 2168 4518 cuc
2193 4459 2313 4540 poetae

1324 4545 1480 4638 lingant,
1515 4549 1614 4619 illum
1640 4551 1766 4640 patriis
1790 4551 1958 4624 manibus
1981 4554 2172 4622 dissectum
2198 4565 2234 4622 et
2259 4573 2314 4640 ap·

1323 4652 1483 4742 positum
1501 4653 1607 4723 fuisse
1623 4653 1702 4724 Diis
1721 4655 1952 4746 epulandum.
2005 4655 2129 4726 Multis
2153 4679 2242 4725 vero
2265 4655 2313 4722 in-

1324 4754 1489 4846 gentibus
1511 4757 1690 4828 beneficiis
1711 4757 1827 4828 Deum
1854 4761 1988 4831 levasse
2003 4759 2049 4852 ⁰¹)
2071 4757 2245 4830 iniuriam
2266 4757 2315 4826 in·

1323 4859 1472 4929 nocenti
1506 4860 1664 4944 factam,
1706 4863 1872 4935 videlicet
1905 4862 2156 4958 magnitudine
2199 4885 2316 4956 opum,

1324 4963 1531 5034 celebritate
1556 4965 1714 5038 nominis
1736 4992 1776 5037 ac
1805 4967 1978 5060 potentia.
2030 4967 2132 5038 Ebur
2156 4967 2252 5037 enim
2269 4963 2315 5034 di·

1318 5125 1524 5138 -ιι-

1349 5213 1398 5276 aa)
1418 5215 1490 5284 luco]
1509 5217 1551 5269 sie
1565 5221 1640 5269 recte
1653 5219 1703 5270 Ed.
1721 5221 1796 5272 1555.
1813 5223 1855 5286 l›.;
1874 5219 1956 5271 notit.
1973 5221 2047 5271 1555.
2065 5231 2109 5286 a,
2130 5217 2207 5276 ¹5⁵9,
2225 5220 2292 5272 loco.

1354 5321 1403 5386 so)
1424 5323 1501 5374 citet.
1518 5325 1575 5390 ιιι,
1597 5327 1621 5390 ι,
1639 5325 1665 5377 a.
1684 5326 1708 5379 a.
1732 5327 1783 5377 na.
1802 5327 1911 5390 artant.

1287 5393 1294 5483 Ι
1356 5425 1406 5489 or)
1425 5427 1553 5486 tevine]
1574 5430 1615 5480 nc
1636 5431 1720 5484 soret.
1740 5433 1833 5496 iass.;
1851 5432 1900 5482 nu.
1919 5429 1995 5486 raas.
2013 5429 2139 5483 lavasse.
