<?xml version="1.0" encoding="UTF-8"?>
<!DOCTYPE html PUBLIC "-//W3C//DTD XHTML 1.0 Transitional//EN"
    "http://www.w3.org/TR/xhtml1/DTD/xhtml1-transitional.dtd">
<html xmlns="http://www.w3.org/1999/xhtml" xml:lang="en" lang="en">
 <head>
  <title>
</title>
<meta http-equiv="Content-Type" content="text/html;charset=utf-8" />
  <meta name='ocr-system' content='tesseract 3.04.00' />
  <meta name='ocr-capabilities' content='ocr_page ocr_carea ocr_par ocr_line ocrx_word'/>
</head>
<body>
  <div class='ocr_page' id='page_1' title='image "./corpusreformato00bindgoog_0336.png"; bbox 0 0 4850 6094; ppageno 0'>
   <div class='ocr_carea' id='block_1_1' title="bbox 909 251 2352 334">
    <p class='ocr_par' dir='ltr' id='par_1_1' title="bbox 909 251 2352 334">
     <span class='ocr_line' id='line_1_1' title="bbox 909 251 2352 334; baseline 0.002 -5"><span class='ocrx_word' id='word_1_1' title='bbox 909 253 1032 331; x_wconf 86' lang='lat' dir='ltr'>PlllL.</span> <span class='ocrx_word' id='word_1_2' title='bbox 1058 253 1172 330; x_wconf 85' lang='lat' dir='ltr'>MEL.</span> <span class='ocrx_word' id='word_1_3' title='bbox 1198 251 1402 330; x_wconf 77' lang='lat' dir='ltr'><strong>SCRIPTA</strong></span> <span class='ocrx_word' id='word_1_4' title='bbox 1427 253 1766 330; x_wconf 85' lang='lat' dir='ltr'>PHILOLOGlCll.</span> <span class='ocrx_word' id='word_1_5' title='bbox 2281 256 2352 334; x_wconf 79' lang='lat'>652</span> 
     </span>
    </p>
   </div>
   <div class='ocr_carea' id='block_1_2' title="bbox 320 423 2352 1033">
    <p class='ocr_par' dir='ltr' id='par_1_2' title="bbox 320 423 2352 1033">
     <span class='ocr_line' id='line_1_2' title="bbox 424 423 2352 522; baseline 0 -20"><span class='ocrx_word' id='word_1_6' title='bbox 424 431 534 502; x_wconf 80' lang='lat' dir='ltr'>Ratio</span> <span class='ocrx_word' id='word_1_7' title='bbox 546 428 724 499; x_wconf 83' lang='lat' dir='ltr'>naturalis</span> <span class='ocrx_word' id='word_1_8' title='bbox 741 427 936 500; x_wconf 89' lang='lat' dir='ltr'>secundum</span> <span class='ocrx_word' id='word_1_9' title='bbox 953 429 1125 498; x_wconf 77' lang='lat' dir='ltr'>Senecam</span> <span class='ocrx_word' id='word_1_10' title='bbox 1144 439 1197 500; x_wconf 89' lang='lat' dir='ltr'>est</span> <span class='ocrx_word' id='word_1_11' title='bbox 1210 423 1311 512; x_wconf 90' lang='lat' dir='ltr'>haec,</span> <span class='ocrx_word' id='word_1_12' title='bbox 1365 438 1446 496; x_wconf 90' lang='lat' dir='ltr'>cent</span> <span class='ocrx_word' id='word_1_13' title='bbox 1473 426 1564 497; x_wconf 85' lang='lat' dir='ltr'>adeo</span> <span class='ocrx_word' id='word_1_14' title='bbox 1595 429 1782 522; x_wconf 81' lang='lat' dir='ltr'>ambigue,</span> <span class='ocrx_word' id='word_1_15' title='bbox 1822 440 1863 499; x_wconf 91' lang='lat' dir='ltr'>ut</span> <span class='ocrx_word' id='word_1_16' title='bbox 1883 427 2040 514; x_wconf 84' lang='lat' dir='ltr'>nescias,</span> <span class='ocrx_word' id='word_1_17' title='bbox 2071 441 2190 500; x_wconf 84' lang='lat' dir='ltr'>utram</span> <span class='ocrx_word' id='word_1_18' title='bbox 2212 441 2352 502; x_wconf 89' lang='lat' dir='ltr'>senten-</span> 
     </span>
     <span class='ocr_line' id='line_1_3' title="bbox 321 524 2351 633; baseline -0.001 -26"><span class='ocrx_word' id='word_1_19' title='bbox 321 536 429 633; x_wconf 89' lang='lat' dir='ltr'>quia,</span> <span class='ocrx_word' id='word_1_20' title='bbox 461 534 553 606; x_wconf 88' lang='lat' dir='ltr'>sicut</span> <span class='ocrx_word' id='word_1_21' title='bbox 576 524 748 614; x_wconf 80' lang='lat' dir='ltr'>ebrietas,</span> <span class='ocrx_word' id='word_1_22' title='bbox 772 533 887 600; x_wconf 89' lang='lat' dir='ltr'>donec</span> <span class='ocrx_word' id='word_1_23' title='bbox 908 530 1103 601; x_wconf 80' lang='lat' dir='ltr'>exsiccetur</span> <span class='ocrx_word' id='word_1_24' title='bbox 1119 529 1311 613; x_wconf 89' lang='lat' dir='ltr'>dementia,</span> <span class='ocrx_word' id='word_1_25' title='bbox 1364 529 1466 614; x_wconf 82' lang='lat' dir='ltr'>tiam,</span> <span class='ocrx_word' id='word_1_26' title='bbox 1492 525 1588 600; x_wconf 90' lang='lat' dir='ltr'>banc</span> <span class='ocrx_word' id='word_1_27' title='bbox 1601 531 1659 602; x_wconf 84' lang='lat' dir='ltr'>vel</span> <span class='ocrx_word' id='word_1_28' title='bbox 1671 531 1772 602; x_wconf 89' lang='lat' dir='ltr'>illam</span> <span class='ocrx_word' id='word_1_29' title='bbox 1791 532 2002 625; x_wconf 78' lang='lat' dir='ltr'>approbent.</span> <span class='ocrx_word' id='word_1_30' title='bbox 2035 529 2083 600; x_wconf 82' lang='lat' dir='ltr'>Hi</span> <span class='ocrx_word' id='word_1_31' title='bbox 2097 533 2351 626; x_wconf 87' lang='lat' dir='ltr'>quasiutrum·</span> 
     </span>
     <span class='ocr_line' id='line_1_4' title="bbox 320 633 2351 730; baseline -0.002 -21"><span class='ocrx_word' id='word_1_32' title='bbox 320 639 434 710; x_wconf 90' lang='lat' dir='ltr'>nimia</span> <span class='ocrx_word' id='word_1_33' title='bbox 455 636 629 730; x_wconf 88' lang='lat' dir='ltr'>gravitate</span> <span class='ocrx_word' id='word_1_34' title='bbox 650 634 809 704; x_wconf 82' lang='lat' dir='ltr'>defertur</span> <span class='ocrx_word' id='word_1_35' title='bbox 829 633 867 700; x_wconf 89' lang='lat' dir='ltr'>in</span> <span class='ocrx_word' id='word_1_36' title='bbox 893 657 1078 703; x_wconf 91' lang='lat' dir='ltr'>somnum:</span> <span class='ocrx_word' id='word_1_37' title='bbox 1122 633 1173 703; x_wconf 92' lang='lat' dir='ltr'>sic</span> <span class='ocrx_word' id='word_1_38' title='bbox 1196 655 1311 726; x_wconf 90' lang='lat' dir='ltr'>aquae</span> <span class='ocrx_word' id='word_1_39' title='bbox 1364 655 1434 726; x_wconf 89' lang='lat' dir='ltr'>que</span> <span class='ocrx_word' id='word_1_40' title='bbox 1466 655 1611 718; x_wconf 82' lang='lat' dir='ltr'>sexum,</span> <span class='ocrx_word' id='word_1_41' title='bbox 1649 657 1747 705; x_wconf 90' lang='lat' dir='ltr'>nunc</span> <span class='ocrx_word' id='word_1_42' title='bbox 1774 658 1931 728; x_wconf 84' lang='lat' dir='ltr'>marem,</span> <span class='ocrx_word' id='word_1_43' title='bbox 1974 657 2072 706; x_wconf 88' lang='lat' dir='ltr'>nunc</span> <span class='ocrx_word' id='word_1_44' title='bbox 2099 635 2275 704; x_wconf 80' lang='lat' dir='ltr'>feminam</span> <span class='ocrx_word' id='word_1_45' title='bbox 2300 661 2351 706; x_wconf 87' lang='lat' dir='ltr'>rc·</span> 
     </span>
     <span class='ocr_line' id='line_1_5' title="bbox 320 730 1494 830; baseline -0.006 -18"><span class='ocrx_word' id='word_1_46' title='bbox 320 738 428 813; x_wconf 88' lang='lat' dir='ltr'>buius</span> <span class='ocrx_word' id='word_1_47' title='bbox 456 733 651 830; x_wconf 86' lang='lat' dir='ltr'>sulphurea</span> <span class='ocrx_word' id='word_1_48' title='bbox 683 737 736 806; x_wconf 87' lang='lat' dir='ltr'>vis</span> <span class='ocrx_word' id='word_1_49' title='bbox 766 730 876 804; x_wconf 93' lang='lat' dir='ltr'>habet</span> <span class='ocrx_word' id='word_1_50' title='bbox 904 737 1086 829; x_wconf 85' lang='lat' dir='ltr'>quoddam</span> <span class='ocrx_word' id='word_1_51' title='bbox 1108 734 1236 805; x_wconf 81' lang='lat' dir='ltr'>acrius</span> <span class='ocrx_word' id='word_1_52' title='bbox 1269 757 1312 803; x_wconf 81' lang='lat' dir='ltr'>ex</span> <span class='ocrx_word' id='word_1_53' title='bbox 1362 733 1494 805; x_wconf 84' lang='lat' dir='ltr'>ierunt.</span> 
     </span>
     <span class='ocr_line' id='line_1_6' title="bbox 321 837 1311 931; baseline -0.01 -18"><span class='ocrx_word' id='word_1_54' title='bbox 321 842 527 918; x_wconf 74' lang='lat' dir='ltr'>aerenoxio</span> <span class='ocrx_word' id='word_1_55' title='bbox 551 839 670 920; x_wconf 87' lang='lat' dir='ltr'>virus,</span> <span class='ocrx_word' id='word_1_56' title='bbox 698 837 796 931; x_wconf 91' lang='lat' dir='ltr'>quod</span> <span class='ocrx_word' id='word_1_57' title='bbox 822 849 978 906; x_wconf 87' lang='lat' dir='ltr'>mentem</span> <span class='ocrx_word' id='word_1_58' title='bbox 1002 849 1065 906; x_wconf 90' lang='lat' dir='ltr'>aut</span> <span class='ocrx_word' id='word_1_59' title='bbox 1086 838 1208 907; x_wconf 84' lang='lat' dir='ltr'>surore</span> <span class='ocrx_word' id='word_1_60' title='bbox 1233 858 1311 904; x_wconf 86' lang='lat' dir='ltr'>rno-</span> 
     </span>
     <span class='ocr_line' id='line_1_7' title="bbox 320 936 838 1033; baseline -0.008 -19"><span class='ocrx_word' id='word_1_61' title='bbox 320 958 399 1030; x_wconf 88' lang='lat' dir='ltr'>vet,</span> <span class='ocrx_word' id='word_1_62' title='bbox 427 957 490 1014; x_wconf 88' lang='lat' dir='ltr'>eut</span> <span class='ocrx_word' id='word_1_63' title='bbox 505 965 636 1033; x_wconf 86' lang='lat' dir='ltr'>sopore</span> <span class='ocrx_word' id='word_1_64' title='bbox 653 936 838 1031; x_wconf 90' lang='lat' dir='ltr'>opprimit.</span> 
     </span>
    </p>
   </div>
   <div class='ocr_carea' id='block_1_3' title="bbox 310 201 396 338">
    <p class='ocr_par' dir='ltr' id='par_1_3' title="bbox 310 201 396 338">
     <span class='ocr_line' id='line_1_8' title="bbox 310 201 396 338; baseline -0.023 0"><span class='ocrx_word' id='word_1_65' title='bbox 310 201 396 338; x_wconf 75' lang='lat' dir='ltr'>sss</span> 
     </span>
    </p>
   </div>
   <div class='ocr_carea' id='block_1_4' title="bbox 1557 933 2158 1029">
    <p class='ocr_par' dir='ltr' id='par_1_4' title="bbox 1557 933 2158 1029">
     <span class='ocr_line' id='line_1_9' title="bbox 1557 933 2158 1029; baseline 0.008 -26"><span class='ocrx_word' id='word_1_66' title='bbox 1557 933 1838 1029; x_wconf 80' lang='lat' dir='ltr'>Hippolytus</span> <span class='ocrx_word' id='word_1_67' title='bbox 1864 935 1911 1004; x_wconf 90' lang='lat' dir='ltr'>in</span> <span class='ocrx_word' id='word_1_68' title='bbox 1935 934 2158 1008; x_wconf 75' lang='lat' dir='ltr'>virbium.</span> 
     </span>
    </p>
   </div>
   <div class='ocr_carea' id='block_1_5' title="bbox 551 1039 2145 1186">
    <p class='ocr_par' dir='ltr' id='par_1_5' title="bbox 551 1039 2145 1186">
     <span class='ocr_line' id='line_1_10' title="bbox 551 1039 2145 1186; baseline -0.003 -24"><span class='ocrx_word' id='word_1_69' title='bbox 551 1091 1082 1186; x_wconf 85' lang='lat' dir='ltr'>Hyperboreiplumati.</span> <span class='ocrx_word' id='word_1_70' title='bbox 1344 1039 1368 1064; x_wconf 29' lang='grc' dir='ltr'>ἱ</span> <span class='ocrx_word' id='word_1_71' title='bbox 1412 1063 1583 1161; x_wconf 69' lang='lat' dir='ltr'>Vsstt.</span> <span class='ocrx_word' id='word_1_72' title='bbox 1628 1088 2145 1159; x_wconf 72' lang='lat' dir='ltr'>auneidcmiirbiuaeetoetc.</span> 
     </span>
    </p>
   </div>
   <div class='ocr_carea' id='block_1_6' title="bbox 371 1226 1311 1412">
    <p class='ocr_par' dir='ltr' id='par_1_6' title="bbox 371 1226 1311 1412">
     <span class='ocr_line' id='line_1_11' title="bbox 371 1226 1311 1397; baseline -0.006 -95"><span class='ocrx_word' id='word_1_73' title='bbox 371 1232 450 1304; x_wconf 86' lang='lat' dir='ltr'>Vss.</span> <span class='ocrx_word' id='word_1_74' title='bbox 466 1226 542 1304; x_wconf 87' lang='grc'>556</span> <span class='ocrx_word' id='word_1_75' title='bbox 558 1255 612 1324; x_wconf 90' lang='lat' dir='ltr'>sq.</span> <span class='ocrx_word' id='word_1_76' title='bbox 639 1233 723 1300; x_wconf 78' lang='lat' dir='ltr'>Esse</span> <span class='ocrx_word' id='word_1_77' title='bbox 738 1231 829 1397; x_wconf 50' lang='lat' dir='ltr'>paple</span> <span class='ocrx_word' id='word_1_78' title='bbox 847 1228 943 1316; x_wconf 79' lang='lat' dir='ltr'>samo</span> <span class='ocrx_word' id='word_1_79' title='bbox 967 1241 1018 1300; x_wconf 83' lang='lat' dir='ltr'>eat</span> <span class='ocrx_word' id='word_1_80' title='bbox 1039 1235 1077 1299; x_wconf 84' lang='lat' dir='ltr'>in</span> <span class='ocrx_word' id='word_1_81' title='bbox 1093 1229 1311 1328; x_wconf 69' lang='lat' dir='ltr'>Hyperborea</span> 
     </span>
     <span class='ocr_line' id='line_1_12' title="bbox 772 1353 899 1412; baseline 0 -14"><span class='ocrx_word' id='word_1_82' title='bbox 772 1353 793 1398; x_wconf 87' lang='lat' dir='ltr'>o</span> <span class='ocrx_word' id='word_1_83' title='bbox 819 1353 899 1412; x_wconf 82' lang='lat' dir='ltr'>ene,</span> 
     </span>
    </p>
   </div>
   <div class='ocr_carea' id='block_1_7' title="bbox 374 1431 1144 1526">
    <p class='ocr_par' dir='ltr' id='par_1_7' title="bbox 374 1431 1144 1526">
     <span class='ocr_line' id='line_1_13' title="bbox 374 1431 1144 1526; baseline -0.009 -19"><span class='ocrx_word' id='word_1_84' title='bbox 374 1442 441 1526; x_wconf 77' lang='lat' dir='ltr'>Qui</span> <span class='ocrx_word' id='word_1_85' title='bbox 454 1438 582 1505; x_wconf 80' lang='lat' dir='ltr'>eoleunt</span> <span class='ocrx_word' id='word_1_86' title='bbox 595 1432 719 1501; x_wconf 80' lang='lat' dir='ltr'>leuibus</span> <span class='ocrx_word' id='word_1_87' title='bbox 731 1433 840 1500; x_wconf 77' lang='lat' dir='ltr'>velari</span> <span class='ocrx_word' id='word_1_88' title='bbox 851 1454 992 1518; x_wconf 83' lang='lat' dir='ltr'>corpora</span> <span class='ocrx_word' id='word_1_89' title='bbox 1006 1431 1144 1519; x_wconf 83' lang='lat' dir='ltr'>plumis.</span> 
     </span>
    </p>
   </div>
   <div class='ocr_carea' id='block_1_8' title="bbox 319 1524 2348 1956">
    <p class='ocr_par' dir='ltr' id='par_1_8' title="bbox 319 1524 2348 1956">
     <span class='ocr_line' id='line_1_14' title="bbox 423 1524 2348 1645; baseline -0.008 -20"><span class='ocrx_word' id='word_1_90' title='bbox 423 1555 495 1628; x_wconf 89' lang='lat' dir='ltr'>Per</span> <span class='ocrx_word' id='word_1_91' title='bbox 510 1575 661 1645; x_wconf 90' lang='lat' dir='ltr'>corpora</span> <span class='ocrx_word' id='word_1_92' title='bbox 676 1547 839 1642; x_wconf 86' lang='lat' dir='ltr'>plumata</span> <span class='ocrx_word' id='word_1_93' title='bbox 855 1550 997 1620; x_wconf 88' lang='lat' dir='ltr'>videtur</span> <span class='ocrx_word' id='word_1_94' title='bbox 1022 1550 1221 1641; x_wconf 84' lang='lat' dir='ltr'>intelligere</span> <span class='ocrx_word' id='word_1_95' title='bbox 1246 1545 1312 1619; x_wconf 90' lang='lat' dir='ltr'>ho·</span> <span class='ocrx_word' id='word_1_96' title='bbox 1362 1531 1570 1618; x_wconf 45' lang='lat' dir='ltr'>willalme</span> <span class='ocrx_word' id='word_1_97' title='bbox 1594 1529 1713 1622; x_wconf 66' lang='lat' dir='ltr'>issqtfil</span> <span class='ocrx_word' id='word_1_98' title='bbox 1732 1529 1837 1600; x_wconf 66' lang='grc' dir='ltr'><strong>ΡΙθῑθ</strong></span> <span class='ocrx_word' id='word_1_99' title='bbox 1862 1531 1906 1600; x_wconf 70' lang='lat' dir='ltr'>de</span> <span class='ocrx_word' id='word_1_100' title='bbox 1932 1527 2144 1624; x_wconf 57' lang='lat' dir='ltr'>leglbffl),</span> <span class='ocrx_word' id='word_1_101' title='bbox 2183 1524 2282 1598; x_wconf 69' lang='lat' dir='ltr'>nihil</span> <span class='ocrx_word' id='word_1_102' title='bbox 2306 1543 2348 1600; x_wconf 70' lang='lat'>0⁵1</span> 
     </span>
     <span class='ocr_line' id='line_1_15' title="bbox 319 1630 2347 1750; baseline -0.002 -22"><span class='ocrx_word' id='word_1_103' title='bbox 319 1662 437 1744; x_wconf 84' lang='lat' dir='ltr'>mines</span> <span class='ocrx_word' id='word_1_104' title='bbox 451 1658 534 1726; x_wconf 89' lang='lat' dir='ltr'>nive</span> <span class='ocrx_word' id='word_1_105' title='bbox 552 1675 774 1744; x_wconf 86' lang='lat' dir='ltr'>conspersos.</span> <span class='ocrx_word' id='word_1_106' title='bbox 835 1651 928 1723; x_wconf 91' lang='lat' dir='ltr'>Nam</span> <span class='ocrx_word' id='word_1_107' title='bbox 944 1651 1205 1748; x_wconf 61' lang='lat' dir='ltr'>Herodotosffl)</span> <span class='ocrx_word' id='word_1_108' title='bbox 1227 1653 1312 1722; x_wconf 91' lang='lat' dir='ltr'>scri·</span> <span class='ocrx_word' id='word_1_109' title='bbox 1361 1631 2259 1750; x_wconf 44' lang='grc' dir='ltr'>155)θῖῐὸΡθῑῦῑθὶθῧξΰῦἳῑθθῐῦξῖθῃξῧωΡΠθῦωωζ</span> <span class='ocrx_word' id='word_1_110' title='bbox 2278 1630 2347 1700; x_wconf 69' lang='lat' dir='ltr'>vlf·</span> 
     </span>
     <span class='ocr_line' id='line_1_16' title="bbox 319 1733 2346 1854; baseline -0.004 -21"><span class='ocrx_word' id='word_1_111' title='bbox 319 1763 375 1834; x_wconf 89' lang='lat' dir='ltr'>bit</span> <span class='ocrx_word' id='word_1_112' title='bbox 387 1783 544 1854; x_wconf 81' lang='lat' dir='ltr'>pennas,</span> <span class='ocrx_word' id='word_1_113' title='bbox 572 1755 701 1852; x_wconf 88' lang='lat' dir='ltr'>quibus</span> <span class='ocrx_word' id='word_1_114' title='bbox 716 1753 811 1822; x_wconf 87' lang='lat' dir='ltr'>ultra</span> <span class='ocrx_word' id='word_1_115' title='bbox 826 1755 1043 1848; x_wconf 89' lang='lat' dir='ltr'>Aquilonem</span> <span class='ocrx_word' id='word_1_116' title='bbox 1067 1771 1129 1828; x_wconf 69' lang='lat' dir='ltr'>aar</span> <span class='ocrx_word' id='word_1_117' title='bbox 1148 1756 1312 1846; x_wconf 88' lang='lat' dir='ltr'>oppletus</span> <span class='ocrx_word' id='word_1_118' title='bbox 1361 1735 1442 1806; x_wconf 74' lang='lat' dir='ltr'>b¹¹¹⁵</span> <span class='ocrx_word' id='word_1_119' title='bbox 1460 1748 1599 1817; x_wconf 61' lang='lat' dir='ltr'>antima</span> <span class='ocrx_word' id='word_1_120' title='bbox 1626 1759 1689 1826; x_wconf 71' lang='lat' dir='ltr'>‘lm</span> <span class='ocrx_word' id='word_1_121' title='bbox 1703 1757 1740 1804; x_wconf 60' lang='grc' dir='ltr'>ὅθ</span> <span class='ocrx_word' id='word_1_122' title='bbox 1756 1747 1902 1852; x_wconf 64' lang='lat' dir='ltr'>¹³⁰¹³J¹l</span> <span class='ocrx_word' id='word_1_123' title='bbox 1914 1733 2173 1850; x_wconf 58' lang='lat' dir='ltr'>H&#39;Pllfflylfflf‘e</span> <span class='ocrx_word' id='word_1_124' title='bbox 2202 1735 2278 1851; x_wconf 52' lang='lat' dir='ltr'>flm</span> <span class='ocrx_word' id='word_1_125' title='bbox 2292 1761 2346 1852; x_wconf 58' lang='grc' dir='ltr'>Ψ·</span> 
     </span>
     <span class='ocr_line' id='line_1_17' title="bbox 320 1835 2346 1956; baseline -0.01 -30"><span class='ocrx_word' id='word_1_126' title='bbox 320 1865 488 1956; x_wconf 79' lang='lat' dir='ltr'>fingitur,</span> <span class='ocrx_word' id='word_1_127' title='bbox 513 1860 713 1950; x_wconf 84' lang='lat' dir='ltr'>significare</span> <span class='ocrx_word' id='word_1_128' title='bbox 725 1856 837 1926; x_wconf 88' lang='lat' dir='ltr'>nives.</span> <span class='ocrx_word' id='word_1_129' title='bbox 892 1855 981 1928; x_wconf 88' lang='lat' dir='ltr'>Cum</span> <span class='ocrx_word' id='word_1_130' title='bbox 1000 1857 1110 1948; x_wconf 87' lang='lat' dir='ltr'>igitur</span> <span class='ocrx_word' id='word_1_131' title='bbox 1125 1857 1220 1948; x_wconf 85' lang='lat' dir='ltr'>apud</span> <span class='ocrx_word' id='word_1_132' title='bbox 1238 1856 1311 1951; x_wconf 83' lang='lat' dir='ltr'>Hy.</span> <span class='ocrx_word' id='word_1_133' title='bbox 1363 1851 1489 1928; x_wconf 88' lang='lat' dir='ltr'>postor</span> <span class='ocrx_word' id='word_1_134' title='bbox 1504 1838 1740 1920; x_wconf 89' lang='lat' dir='ltr'>subornatus,</span> <span class='ocrx_word' id='word_1_135' title='bbox 1765 1849 1805 1906; x_wconf 89' lang='lat' dir='ltr'>ut</span> <span class='ocrx_word' id='word_1_136' title='bbox 1821 1837 1984 1919; x_wconf 80' lang='lat' dir='ltr'>videtur,</span> <span class='ocrx_word' id='word_1_137' title='bbox 2004 1855 2030 1905; x_wconf 82' lang='lat' dir='ltr'>&#39;a</span> <span class='ocrx_word' id='word_1_138' title='bbox 2046 1835 2257 1906; x_wconf 76' lang='lat' dir='ltr'>sacrificulis</span> <span class='ocrx_word' id='word_1_139' title='bbox 2271 1835 2346 1906; x_wconf 84' lang='lat' dir='ltr'>Du·</span> 
     </span>
    </p>
   </div>
   <div class='ocr_carea' id='block_1_9' title="bbox 321 1937 2345 2154">
    <p class='ocr_par' dir='ltr' id='par_1_9' title="bbox 321 1937 2345 2154">
     <span class='ocr_line' id='line_1_18' title="bbox 321 1937 2345 2060; baseline -0.022 -21"><span class='ocrx_word' id='word_1_140' title='bbox 321 1969 519 2060; x_wconf 90' lang='lat' dir='ltr'>perboreos</span> <span class='ocrx_word' id='word_1_141' title='bbox 536 1964 664 2031; x_wconf 90' lang='lat' dir='ltr'>densae</span> <span class='ocrx_word' id='word_1_142' title='bbox 681 1961 803 2029; x_wconf 81' lang='lat' dir='ltr'>etlcre</span> <span class='ocrx_word' id='word_1_143' title='bbox 829 1957 1021 2030; x_wconf 91' lang='lat' dir='ltr'>continuae</span> <span class='ocrx_word' id='word_1_144' title='bbox 1042 1960 1143 2030; x_wconf 84' lang='lat' dir='ltr'>nives</span> <span class='ocrx_word' id='word_1_145' title='bbox 1170 1961 1313 2046; x_wconf 86' lang='lat' dir='ltr'>cadant,</span> <span class='ocrx_word' id='word_1_146' title='bbox 1364 1961 1436 2058; x_wconf 42' lang='grc' dir='ltr'>ΜΘ.</span> <span class='ocrx_word' id='word_1_147' title='bbox 1469 1939 1640 2058; x_wconf 56' lang='grc' dir='ltr'>Αῑθῖὶῑξὸθ</span> <span class='ocrx_word' id='word_1_148' title='bbox 1669 1940 1718 2008; x_wconf 72' lang='lat' dir='ltr'>&#39;ad</span> <span class='ocrx_word' id='word_1_149' title='bbox 1750 1940 2002 2056; x_wconf 73' lang='lat' dir='ltr'>celebrandum</span> <span class='ocrx_word' id='word_1_150' title='bbox 2033 1937 2155 2010; x_wconf 84' lang='lat' dir='ltr'>lucum</span> <span class='ocrx_word' id='word_1_151' title='bbox 2169 1937 2237 2033; x_wconf 56' lang='grc' dir='ltr'>ὕ),</span> <span class='ocrx_word' id='word_1_152' title='bbox 2284 1963 2345 2058; x_wconf 60' lang='lat' dir='ltr'>qpo</span> 
     </span>
     <span class='ocr_line' id='line_1_19' title="bbox 321 2037 2344 2154; baseline -0.014 -16"><span class='ocrx_word' id='word_1_153' title='bbox 321 2069 445 2142; x_wconf 84' lang='lat' dir='ltr'>fabula</span> <span class='ocrx_word' id='word_1_154' title='bbox 470 2064 591 2136; x_wconf 91' lang='lat' dir='ltr'>innuit</span> <span class='ocrx_word' id='word_1_155' title='bbox 615 2059 779 2132; x_wconf 89' lang='lat' dir='ltr'>homines</span> <span class='ocrx_word' id='word_1_156' title='bbox 801 2059 874 2129; x_wconf 91' lang='lat' dir='ltr'>illic</span> <span class='ocrx_word' id='word_1_157' title='bbox 897 2072 1079 2132; x_wconf 87' lang='lat' dir='ltr'>versantes</span> <span class='ocrx_word' id='word_1_158' title='bbox 1103 2060 1216 2130; x_wconf 85' lang='lat' dir='ltr'>velari</span> <span class='ocrx_word' id='word_1_159' title='bbox 1234 2063 1312 2154; x_wconf 87' lang='lat' dir='ltr'>plu.</span> <span class='ocrx_word' id='word_1_160' title='bbox 1364 2065 1482 2113; x_wconf 85' lang='lat' dir='ltr'>maror</span> <span class='ocrx_word' id='word_1_161' title='bbox 1495 2037 1686 2113; x_wconf 87' lang='lat' dir='ltr'>hommum</span> <span class='ocrx_word' id='word_1_162' title='bbox 1703 2065 1896 2112; x_wconf 84' lang='lat' dir='ltr'>concursus</span> <span class='ocrx_word' id='word_1_163' title='bbox 1912 2052 2002 2110; x_wconf 77' lang='lat' dir='ltr'>istuc</span> <span class='ocrx_word' id='word_1_164' title='bbox 2019 2041 2131 2114; x_wconf 85' lang='lat' dir='ltr'>fieret.</span> <span class='ocrx_word' id='word_1_165' title='bbox 2187 2039 2230 2110; x_wconf 91' lang='lat' dir='ltr'>ld</span> <span class='ocrx_word' id='word_1_166' title='bbox 2258 2066 2344 2111; x_wconf 88' lang='lat' dir='ltr'>emm</span> 
     </span>
    </p>
   </div>
   <div class='ocr_carea' id='block_1_10' title="bbox 320 2141 2344 2572">
    <p class='ocr_par' dir='ltr' id='par_1_10' title="bbox 320 2141 2344 2572">
     <span class='ocr_line' id='line_1_20' title="bbox 320 2141 2344 2256; baseline -0.008 -27"><span class='ocrx_word' id='word_1_167' title='bbox 320 2173 411 2256; x_wconf 69' lang='lat' dir='ltr'>mis,</span> <span class='ocrx_word' id='word_1_168' title='bbox 434 2165 504 2241; x_wconf 72' lang='lat' dir='ltr'>hoe</span> <span class='ocrx_word' id='word_1_169' title='bbox 520 2179 590 2250; x_wconf 67' lang='lat' dir='ltr'>est,</span> <span class='ocrx_word' id='word_1_170' title='bbox 615 2164 698 2234; x_wconf 75' lang='lat' dir='ltr'>nive</span> <span class='ocrx_word' id='word_1_171' title='bbox 715 2162 914 2256; x_wconf 71' lang='lat' dir='ltr'>conspergi,</span> <span class='ocrx_word' id='word_1_172' title='bbox 964 2161 1105 2234; x_wconf 65' lang='lat' dir='ltr'>Horum</span> <span class='ocrx_word' id='word_1_173' title='bbox 1126 2163 1247 2256; x_wconf 61' lang='lat' dir='ltr'>regio,</span> <span class='ocrx_word' id='word_1_174' title='bbox 1273 2175 1314 2234; x_wconf 65' lang='lat' dir='ltr'>ug</span> <span class='ocrx_word' id='word_1_175' title='bbox 1364 2155 1442 2213; x_wconf 89' lang='lat' dir='ltr'>erat</span> <span class='ocrx_word' id='word_1_176' title='bbox 1466 2156 1720 2239; x_wconf 78' lang='lat' dir='ltr'>quaestuosum</span> <span class='ocrx_word' id='word_1_177' title='bbox 1742 2141 1959 2214; x_wconf 84' lang='lat' dir='ltr'>sacrificulis.</span> <span class='ocrx_word' id='word_1_178' title='bbox 2017 2141 2070 2212; x_wconf 77' lang='lat' dir='ltr'>Ac</span> <span class='ocrx_word' id='word_1_179' title='bbox 2091 2142 2239 2213; x_wconf 84' lang='lat' dir='ltr'>fuerunt</span> <span class='ocrx_word' id='word_1_180' title='bbox 2267 2144 2344 2212; x_wconf 90' lang='lat' dir='ltr'>olim</span> 
     </span>
     <span class='ocr_line' id='line_1_21' title="bbox 322 2244 2343 2362; baseline -0.015 -17"><span class='ocrx_word' id='word_1_181' title='bbox 322 2269 539 2362; x_wconf 59' lang='lat' dir='ltr'>Pliniusfflff)</span> <span class='ocrx_word' id='word_1_182' title='bbox 556 2251 686 2354; x_wconf 76' lang='lat' dir='ltr'>tradit,</span> <span class='ocrx_word' id='word_1_183' title='bbox 720 2268 767 2335; x_wconf 93' lang='lat' dir='ltr'>ad</span> <span class='ocrx_word' id='word_1_184' title='bbox 782 2261 990 2359; x_wconf 83' lang='lat' dir='ltr'>Rhiphaeos</span> <span class='ocrx_word' id='word_1_185' title='bbox 1008 2276 1149 2338; x_wconf 87' lang='lat' dir='ltr'>montes</span> <span class='ocrx_word' id='word_1_186' title='bbox 1164 2265 1231 2338; x_wconf 89' lang='lat' dir='ltr'>sita</span> <span class='ocrx_word' id='word_1_187' title='bbox 1249 2278 1314 2352; x_wconf 84' lang='lat' dir='ltr'>est,</span> <span class='ocrx_word' id='word_1_188' title='bbox 1364 2244 1515 2316; x_wconf 87' lang='lat' dir='ltr'>usitatae</span> <span class='ocrx_word' id='word_1_189' title='bbox 1530 2246 1707 2316; x_wconf 86' lang='lat' dir='ltr'>eiusmodi</span> <span class='ocrx_word' id='word_1_190' title='bbox 1721 2245 1961 2338; x_wconf 89' lang='lat' dir='ltr'>imposturae,</span> <span class='ocrx_word' id='word_1_191' title='bbox 1988 2245 2052 2316; x_wconf 89' lang='lat' dir='ltr'>ubi</span> <span class='ocrx_word' id='word_1_192' title='bbox 2073 2244 2258 2318; x_wconf 88' lang='lat' dir='ltr'>idolorum</span> <span class='ocrx_word' id='word_1_193' title='bbox 2283 2247 2343 2316; x_wconf 81' lang='lat' dir='ltr'>cul</span> 
     </span>
     <span class='ocr_line' id='line_1_22' title="bbox 324 2361 1313 2466; baseline -0.007 -19"><span class='ocrx_word' id='word_1_194' title='bbox 324 2390 361 2447; x_wconf 90' lang='lat' dir='ltr'>et</span> <span class='ocrx_word' id='word_1_195' title='bbox 384 2401 405 2446; x_wconf 93' lang='lat' dir='ltr'>a</span> <span class='ocrx_word' id='word_1_196' title='bbox 426 2371 660 2446; x_wconf 76' lang='lat' dir='ltr'>similitudine</span> <span class='ocrx_word' id='word_1_197' title='bbox 686 2392 888 2462; x_wconf 89' lang='lat' dir='ltr'>pennarum</span> <span class='ocrx_word' id='word_1_198' title='bbox 921 2361 1152 2466; x_wconf 79' lang='grc' dir='ltr'>πτεροφόρος</span> <span class='ocrx_word' id='word_1_199' title='bbox 1176 2392 1313 2440; x_wconf 82' lang='grc' dir='ltr'>ιιιιιιειι-</span> 
     </span>
     <span class='ocr_line' id='line_1_23' title="bbox 323 2492 444 2572; baseline -0.008 -22"><span class='ocrx_word' id='word_1_200' title='bbox 323 2492 444 2572; x_wconf 88' lang='lat' dir='ltr'>patur.</span> 
     </span>
    </p>
   </div>
   <div class='ocr_carea' id='block_1_11' title="bbox 1362 1425 2349 1520">
    <p class='ocr_par' dir='ltr' id='par_1_11' title="bbox 1362 1425 2349 1520">
     <span class='ocr_line' id='line_1_24' title="bbox 1362 1425 2349 1520; baseline 0.003 -26"><span class='ocrx_word' id='word_1_201' title='bbox 1362 1427 1547 1502; x_wconf 81' lang='lat' dir='ltr'>vitandam</span> <span class='ocrx_word' id='word_1_202' title='bbox 1564 1451 1637 1498; x_wconf 84' lang='lat' dir='ltr'>esse</span> <span class='ocrx_word' id='word_1_203' title='bbox 1654 1440 1844 1520; x_wconf 86' lang='lat' dir='ltr'>parentum</span> <span class='ocrx_word' id='word_1_204' title='bbox 1862 1425 2109 1500; x_wconf 84' lang='lat' dir='ltr'>offensionem.</span> <span class='ocrx_word' id='word_1_205' title='bbox 2172 1425 2293 1510; x_wconf 85' lang='lat' dir='ltr'>Nam,</span> <span class='ocrx_word' id='word_1_206' title='bbox 2316 1442 2349 1497; x_wconf 90' lang='lat' dir='ltr'>ut</span> 
     </span>
    </p>
   </div>
   <div class='ocr_carea' id='block_1_12' title="bbox 1363 2449 2341 2546">
    <p class='ocr_par' dir='ltr' id='par_1_12' title="bbox 1363 2449 2341 2546">
     <span class='ocr_line' id='line_1_25' title="bbox 1363 2449 2341 2546; baseline 0.003 -27"><span class='ocrx_word' id='word_1_207' title='bbox 1363 2471 1446 2535; x_wconf 88' lang='lat' dir='ltr'>nes,</span> <span class='ocrx_word' id='word_1_208' title='bbox 1473 2453 1536 2546; x_wconf 92' lang='lat' dir='ltr'>qui</span> <span class='ocrx_word' id='word_1_209' title='bbox 1557 2475 1622 2543; x_wconf 88' lang='lat' dir='ltr'>per</span> <span class='ocrx_word' id='word_1_210' title='bbox 1645 2452 1768 2521; x_wconf 90' lang='lat' dir='ltr'>dolum</span> <span class='ocrx_word' id='word_1_211' title='bbox 1797 2449 1944 2522; x_wconf 86' lang='lat' dir='ltr'>alterius</span> <span class='ocrx_word' id='word_1_212' title='bbox 1963 2473 2100 2523; x_wconf 87' lang='lat' dir='ltr'>nomen</span> <span class='ocrx_word' id='word_1_213' title='bbox 2121 2463 2341 2544; x_wconf 83' lang='lat' dir='ltr'>usurparunt</span> 
     </span>
    </p>
   </div>
   <div class='ocr_carea' id='block_1_13' title="bbox 428 2622 1211 2716">
    <p class='ocr_par' dir='ltr' id='par_1_13' title="bbox 428 2622 1211 2716">
     <span class='ocr_line' id='line_1_26' title="bbox 428 2622 1211 2716; baseline -0.008 -18"><span class='ocrx_word' id='word_1_214' title='bbox 428 2627 688 2698; x_wconf 87' lang='lat' dir='ltr'>Crabrones</span> <span class='ocrx_word' id='word_1_215' title='bbox 717 2646 766 2692; x_wconf 84' lang='lat' dir='ltr'>ex</span> <span class='ocrx_word' id='word_1_216' title='bbox 792 2645 906 2716; x_wconf 88' lang='lat' dir='ltr'>equo</span> <span class='ocrx_word' id='word_1_217' title='bbox 934 2622 1211 2713; x_wconf 79' lang='lat' dir='ltr'>putrefacto.</span> 
     </span>
    </p>
   </div>
   <div class='ocr_carea' id='block_1_14' title="bbox 1365 2755 2342 2842">
    <p class='ocr_par' dir='ltr' id='par_1_14' title="bbox 1365 2755 2342 2842">
     <span class='ocr_line' id='line_1_27' title="bbox 1365 2755 2342 2842; baseline 0.003 -16"><span class='ocrx_word' id='word_1_218' title='bbox 1365 2755 1515 2828; x_wconf 88' lang='lat' dir='ltr'>niauum</span> <span class='ocrx_word' id='word_1_219' title='bbox 1526 2757 1757 2829; x_wconf 86' lang='lat' dir='ltr'>Camerinum</span> <span class='ocrx_word' id='word_1_220' title='bbox 1774 2757 1897 2841; x_wconf 84' lang='lat' dir='ltr'>finxit,</span> <span class='ocrx_word' id='word_1_221' title='bbox 1922 2770 2124 2828; x_wconf 84' lang='lat' dir='ltr'>senatorem</span> <span class='ocrx_word' id='word_1_222' title='bbox 2133 2758 2342 2842; x_wconf 88' lang='lat' dir='ltr'>Romanum,</span> 
     </span>
    </p>
   </div>
   <div class='ocr_carea' id='block_1_15' title="bbox 227 2756 2341 2954">
    <p class='ocr_par' dir='ltr' id='par_1_15' title="bbox 227 2756 2341 2954">
     <span class='ocr_line' id='line_1_28' title="bbox 227 2756 1316 2852; baseline -0.003 -21"><span class='ocrx_word' id='word_1_223' title='bbox 227 2819 230 2826; x_wconf 30' lang='grc' dir='ltr'>ι</span> <span class='ocrx_word' id='word_1_224' title='bbox 293 2841 297 2848; x_wconf 44' lang='grc'><strong>,</strong></span> <span class='ocrx_word' id='word_1_225' title='bbox 375 2763 438 2835; x_wconf 81' lang='lat' dir='ltr'>Vs.</span> <span class='ocrx_word' id='word_1_226' title='bbox 455 2762 543 2838; x_wconf 84' lang='grc'><strong>568.</strong></span> <span class='ocrx_word' id='word_1_227' title='bbox 569 2765 713 2832; x_wconf 75' lang='lat' dir='ltr'>Pressas</span> <span class='ocrx_word' id='word_1_228' title='bbox 734 2756 834 2827; x_wconf 79' lang='lat' dir='ltr'>bomo</span> <span class='ocrx_word' id='word_1_229' title='bbox 855 2757 996 2828; x_wconf 81' lang='lat' dir='ltr'>bellator</span> <span class='ocrx_word' id='word_1_230' title='bbox 1014 2780 1118 2852; x_wconf 81' lang='lat' dir='ltr'>equus</span> <span class='ocrx_word' id='word_1_231' title='bbox 1138 2760 1316 2829; x_wconf 71' lang='lat' dir='ltr'>crabronis</span> 
     </span>
     <span class='ocr_line' id='line_1_29' title="bbox 323 2853 2341 2954; baseline -0.002 -20"><span class='ocrx_word' id='word_1_232' title='bbox 323 2853 327 2862; x_wconf 72' lang='grc'><strong>’</strong></span> <span class='ocrx_word' id='word_1_233' title='bbox 1366 2883 1474 2954; x_wconf 88' lang='lat' dir='ltr'>quem</span> <span class='ocrx_word' id='word_1_234' title='bbox 1488 2859 1587 2931; x_wconf 88' lang='lat' dir='ltr'>Nero</span> <span class='ocrx_word' id='word_1_235' title='bbox 1600 2860 1791 2930; x_wconf 88' lang='lat' dir='ltr'>occiderat.</span> <span class='ocrx_word' id='word_1_236' title='bbox 1843 2861 1903 2932; x_wconf 91' lang='lat' dir='ltr'>Sic</span> <span class='ocrx_word' id='word_1_237' title='bbox 1918 2872 2037 2934; x_wconf 87' lang='lat' dir='ltr'>autem</span> <span class='ocrx_word' id='word_1_238' title='bbox 2054 2873 2138 2952; x_wconf 81' lang='lat' dir='ltr'>post</span> <span class='ocrx_word' id='word_1_239' title='bbox 2151 2861 2281 2952; x_wconf 84' lang='lat' dir='ltr'>viginti</span> <span class='ocrx_word' id='word_1_240' title='bbox 2292 2885 2341 2930; x_wconf 93' lang='lat' dir='ltr'>an·</span> 
     </span>
    </p>
   </div>
   <div class='ocr_carea' id='block_1_16' title="bbox 741 2863 913 2948">
    <p class='ocr_par' dir='ltr' id='par_1_16' title="bbox 741 2863 913 2948">
     <span class='ocr_line' id='line_1_30' title="bbox 741 2863 913 2948; baseline -0.006 -20"><span class='ocrx_word' id='word_1_241' title='bbox 741 2863 833 2948; x_wconf 77' lang='lat' dir='ltr'>oripo</span> <span class='ocrx_word' id='word_1_242' title='bbox 851 2871 913 2930; x_wconf 84' lang='lat' dir='ltr'>eet.</span> 
     </span>
    </p>
   </div>
   <div class='ocr_carea' id='block_1_17' title="bbox 1362 1185 2406 1420">
    <p class='ocr_par' dir='ltr' id='par_1_17' title="bbox 1362 1185 2406 1420">
     <span class='ocr_line' id='line_1_31' title="bbox 1466 1185 2405 1316; baseline 0 -24"><span class='ocrx_word' id='word_1_243' title='bbox 1466 1223 1656 1316; x_wconf 87' lang='lat' dir='ltr'>Hippolyti</span> <span class='ocrx_word' id='word_1_244' title='bbox 1686 1223 1886 1315; x_wconf 82' lang='lat' dir='ltr'>exemplum</span> <span class='ocrx_word' id='word_1_245' title='bbox 1913 1222 2035 1306; x_wconf 90' lang='lat' dir='ltr'>docet,</span> <span class='ocrx_word' id='word_1_246' title='bbox 2069 1244 2194 1313; x_wconf 86' lang='lat' dir='ltr'>preces</span> <span class='ocrx_word' id='word_1_247' title='bbox 2225 1245 2350 1312; x_wconf 88' lang='lat' dir='ltr'>paren·</span> <span class='ocrx_word' id='word_1_248' title='bbox 2404 1185 2405 1202; x_wconf 31' lang='lat' dir='ltr'>l</span> 
     </span>
     <span class='ocr_line' id='line_1_32' title="bbox 1362 1323 2406 1420; baseline 0.001 -26"><span class='ocrx_word' id='word_1_249' title='bbox 1362 1336 1439 1395; x_wconf 92' lang='lat' dir='ltr'>tum</span> <span class='ocrx_word' id='word_1_250' title='bbox 1470 1328 1640 1396; x_wconf 86' lang='lat' dir='ltr'>adversus</span> <span class='ocrx_word' id='word_1_251' title='bbox 1662 1325 1793 1395; x_wconf 86' lang='lat' dir='ltr'>liberos</span> <span class='ocrx_word' id='word_1_252' title='bbox 1823 1323 1941 1394; x_wconf 87' lang='lat' dir='ltr'>aDeo</span> <span class='ocrx_word' id='word_1_253' title='bbox 1976 1324 2154 1394; x_wconf 82' lang='lat' dir='ltr'>exaudiri:</span> <span class='ocrx_word' id='word_1_254' title='bbox 2198 1323 2349 1420; x_wconf 85' lang='lat' dir='ltr'>ideoque</span> <span class='ocrx_word' id='word_1_255' title='bbox 2405 1349 2406 1358; x_wconf 56' lang='lat'>¹</span> 
     </span>
    </p>
   </div>
   <div class='ocr_carea' id='block_1_18' title="bbox 326 2975 1317 3478">
    <p class='ocr_par' dir='ltr' id='par_1_18' title="bbox 326 2975 1317 3478">
     <span class='ocr_line' id='line_1_33' title="bbox 431 2975 1315 3068; baseline -0.005 -17"><span class='ocrx_word' id='word_1_256' title='bbox 431 2979 635 3051; x_wconf 86' lang='lat' dir='ltr'>Crabrones</span> <span class='ocrx_word' id='word_1_257' title='bbox 672 2999 715 3044; x_wconf 86' lang='lat' dir='ltr'>ex</span> <span class='ocrx_word' id='word_1_258' title='bbox 756 2997 850 3068; x_wconf 89' lang='lat' dir='ltr'>equo</span> <span class='ocrx_word' id='word_1_259' title='bbox 884 2975 1069 3065; x_wconf 89' lang='lat' dir='ltr'>generati,</span> <span class='ocrx_word' id='word_1_260' title='bbox 1124 2977 1315 3068; x_wconf 79' lang='lat' dir='ltr'>allegorice</span> 
     </span>
     <span class='ocr_line' id='line_1_34' title="bbox 326 3076 1316 3178; baseline -0.007 -21"><span class='ocrx_word' id='word_1_261' title='bbox 326 3081 530 3176; x_wconf 87' lang='lat' dir='ltr'>significant</span> <span class='ocrx_word' id='word_1_262' title='bbox 545 3081 737 3173; x_wconf 83' lang='lat' dir='ltr'>degeneres</span> <span class='ocrx_word' id='word_1_263' title='bbox 755 3076 915 3170; x_wconf 89' lang='lat' dir='ltr'>equitum</span> <span class='ocrx_word' id='word_1_264' title='bbox 930 3077 1095 3178; x_wconf 72' lang='lat' dir='ltr'>liberos,⁸</span> <span class='ocrx_word' id='word_1_265' title='bbox 1113 3079 1178 3174; x_wconf 88' lang='lat' dir='ltr'>qui</span> <span class='ocrx_word' id='word_1_266' title='bbox 1199 3104 1220 3150; x_wconf 89' lang='lat' dir='ltr'>a</span> <span class='ocrx_word' id='word_1_267' title='bbox 1243 3078 1316 3150; x_wconf 79' lang='lat' dir='ltr'>rir-</span> 
     </span>
     <span class='ocr_line' id='line_1_35' title="bbox 327 3179 1316 3272; baseline -0.007 -13"><span class='ocrx_word' id='word_1_268' title='bbox 327 3200 404 3260; x_wconf 86' lang='lat' dir='ltr'>tute</span> <span class='ocrx_word' id='word_1_269' title='bbox 417 3182 542 3255; x_wconf 90' lang='lat' dir='ltr'>bellica</span> <span class='ocrx_word' id='word_1_270' title='bbox 563 3179 670 3272; x_wconf 87' lang='lat' dir='ltr'>alieni</span> <span class='ocrx_word' id='word_1_271' title='bbox 684 3181 775 3250; x_wconf 86' lang='lat' dir='ltr'>fiunt</span> <span class='ocrx_word' id='word_1_272' title='bbox 791 3179 1011 3270; x_wconf 87' lang='lat' dir='ltr'>praedones,</span> <span class='ocrx_word' id='word_1_273' title='bbox 1038 3194 1074 3253; x_wconf 90' lang='lat' dir='ltr'>et</span> <span class='ocrx_word' id='word_1_274' title='bbox 1088 3179 1216 3252; x_wconf 89' lang='lat' dir='ltr'>itinera</span> <span class='ocrx_word' id='word_1_275' title='bbox 1234 3183 1316 3254; x_wconf 62' lang='lat' dir='ltr'>redss</span> 
     </span>
     <span class='ocr_line' id='line_1_36' title="bbox 328 3282 1317 3371; baseline -0.009 -10"><span class='ocrx_word' id='word_1_276' title='bbox 328 3289 420 3360; x_wconf 92' lang='lat' dir='ltr'>dunt</span> <span class='ocrx_word' id='word_1_277' title='bbox 436 3289 583 3370; x_wconf 83' lang='lat' dir='ltr'>infesta,</span> <span class='ocrx_word' id='word_1_278' title='bbox 615 3282 706 3356; x_wconf 91' lang='lat' dir='ltr'>sicut</span> <span class='ocrx_word' id='word_1_279' title='bbox 732 3283 925 3353; x_wconf 88' lang='lat' dir='ltr'>crabrones</span> <span class='ocrx_word' id='word_1_280' title='bbox 946 3283 1082 3371; x_wconf 88' lang='lat' dir='ltr'>solent,</span> <span class='ocrx_word' id='word_1_281' title='bbox 1115 3307 1158 3354; x_wconf 82' lang='lat' dir='ltr'>ex</span> <span class='ocrx_word' id='word_1_282' title='bbox 1178 3286 1317 3356; x_wconf 89' lang='lat' dir='ltr'>arbori·</span> 
     </span>
     <span class='ocr_line' id='line_1_37' title="bbox 327 3389 880 3478; baseline -0.013 -15"><span class='ocrx_word' id='word_1_283' title='bbox 327 3393 395 3463; x_wconf 87' lang='lat' dir='ltr'>bus</span> <span class='ocrx_word' id='word_1_284' title='bbox 410 3391 508 3462; x_wconf 84' lang='lat' dir='ltr'>iuxta</span> <span class='ocrx_word' id='word_1_285' title='bbox 525 3389 621 3456; x_wconf 90' lang='lat' dir='ltr'>viam</span> <span class='ocrx_word' id='word_1_286' title='bbox 643 3397 880 3478; x_wconf 72' lang='lat' dir='ltr'>erumpentes,</span> 
     </span>
    </p>
   </div>
   <div class='ocr_carea' id='block_1_19' title="bbox 432 3532 1215 3631">
    <p class='ocr_par' dir='ltr' id='par_1_19' title="bbox 432 3532 1215 3631">
     <span class='ocr_line' id='line_1_38' title="bbox 432 3532 1215 3631; baseline -0.004 -18"><span class='ocrx_word' id='word_1_287' title='bbox 432 3541 680 3631; x_wconf 86' lang='lat' dir='ltr'>Serpentes</span> <span class='ocrx_word' id='word_1_288' title='bbox 711 3561 762 3606; x_wconf 85' lang='lat' dir='ltr'>ex</span> <span class='ocrx_word' id='word_1_289' title='bbox 787 3536 984 3607; x_wconf 89' lang='lat' dir='ltr'>medulla</span> <span class='ocrx_word' id='word_1_290' title='bbox 1010 3532 1215 3611; x_wconf 89' lang='lat' dir='ltr'>bumana.</span> 
     </span>
    </p>
   </div>
   <div class='ocr_carea' id='block_1_20' title="bbox 380 3674 1319 3975">
    <p class='ocr_par' dir='ltr' id='par_1_20' title="bbox 380 3674 1319 3975">
     <span class='ocr_line' id='line_1_39' title="bbox 380 3674 1319 3769; baseline 0.002 -23"><span class='ocrx_word' id='word_1_291' title='bbox 380 3679 459 3751; x_wconf 84' lang='lat' dir='ltr'>Vss.</span> <span class='ocrx_word' id='word_1_292' title='bbox 477 3674 552 3748; x_wconf 77' lang='lat'>389</span> <span class='ocrx_word' id='word_1_293' title='bbox 568 3701 621 3769; x_wconf 88' lang='lat' dir='ltr'>sq.</span> <span class='ocrx_word' id='word_1_294' title='bbox 660 3678 751 3746; x_wconf 82' lang='lat' dir='ltr'>Sunt</span> <span class='ocrx_word' id='word_1_295' title='bbox 779 3677 855 3767; x_wconf 82' lang='lat' dir='ltr'>qui,</span> <span class='ocrx_word' id='word_1_296' title='bbox 897 3698 971 3744; x_wconf 84' lang='lat' dir='ltr'>cum</span> <span class='ocrx_word' id='word_1_297' title='bbox 994 3677 1106 3746; x_wconf 83' lang='lat' dir='ltr'>clouao</span> <span class='ocrx_word' id='word_1_298' title='bbox 1124 3675 1319 3768; x_wconf 77' lang='lat' dir='ltr'>pedrcsocto</span> 
     </span>
     <span class='ocr_line' id='line_1_40' title="bbox 589 3779 1124 3866; baseline 0.007 -23"><span class='ocrx_word' id='word_1_299' title='bbox 589 3849 592 3858; x_wconf 59' lang='grc'><strong>,</strong></span> <span class='ocrx_word' id='word_1_300' title='bbox 746 3786 798 3845; x_wconf 78' lang='lat' dir='ltr'>est</span> <span class='ocrx_word' id='word_1_301' title='bbox 814 3779 914 3866; x_wconf 81' lang='lat' dir='ltr'>apion</span> <span class='ocrx_word' id='word_1_302' title='bbox 929 3779 1124 3865; x_wconf 79' lang='lat' dir='ltr'>sepulchro,</span> 
     </span>
     <span class='ocr_line' id='line_1_41' title="bbox 381 3879 1221 3975; baseline -0.007 -19"><span class='ocrx_word' id='word_1_303' title='bbox 381 3879 573 3975; x_wconf 55' lang='lat' dir='ltr'>Mutarim)</span> <span class='ocrx_word' id='word_1_304' title='bbox 593 3881 731 3949; x_wconf 66' lang='lat' dir='ltr'>endunt</span> <span class='ocrx_word' id='word_1_305' title='bbox 743 3879 1035 3974; x_wconf 28' lang='lat' dir='ltr'>domama-oopus</span> <span class='ocrx_word' id='word_1_306' title='bbox 1048 3883 1221 3952; x_wconf 82' lang='lat' dir='ltr'>medullae.</span> 
     </span>
    </p>
   </div>
   <div class='ocr_carea' id='block_1_21' title="bbox 330 3993 1320 4300">
    <p class='ocr_par' dir='ltr' id='par_1_21' title="bbox 330 3993 1320 4300">
     <span class='ocr_line' id='line_1_42' title="bbox 434 3993 1319 4094; baseline -0.002 -21"><span class='ocrx_word' id='word_1_307' title='bbox 434 3999 588 4094; x_wconf 88' lang='lat' dir='ltr'>Serpens</span> <span class='ocrx_word' id='word_1_308' title='bbox 601 3997 705 4068; x_wconf 88' lang='lat' dir='ltr'>initio</span> <span class='ocrx_word' id='word_1_309' title='bbox 721 3997 843 4088; x_wconf 80' lang='lat' dir='ltr'>generi</span> <span class='ocrx_word' id='word_1_310' title='bbox 857 3993 1017 4069; x_wconf 90' lang='lat' dir='ltr'>humano</span> <span class='ocrx_word' id='word_1_311' title='bbox 1031 4025 1135 4071; x_wconf 88' lang='lat' dir='ltr'>suum</span> <span class='ocrx_word' id='word_1_312' title='bbox 1150 4002 1249 4072; x_wconf 86' lang='lat' dir='ltr'>virus</span> <span class='ocrx_word' id='word_1_313' title='bbox 1265 4003 1319 4071; x_wconf 92' lang='lat' dir='ltr'>in-</span> 
     </span>
     <span class='ocr_line' id='line_1_43' title="bbox 330 4099 1320 4198; baseline -0.001 -22"><span class='ocrx_word' id='word_1_314' title='bbox 330 4104 436 4176; x_wconf 83' lang='lat' dir='ltr'>fudit.</span> <span class='ocrx_word' id='word_1_315' title='bbox 489 4104 612 4198; x_wconf 92' lang='lat' dir='ltr'>ltaque</span> <span class='ocrx_word' id='word_1_316' title='bbox 627 4125 703 4171; x_wconf 91' lang='lat' dir='ltr'>non</span> <span class='ocrx_word' id='word_1_317' title='bbox 719 4101 852 4170; x_wconf 90' lang='lat' dir='ltr'>mirum</span> <span class='ocrx_word' id='word_1_318' title='bbox 868 4113 940 4185; x_wconf 87' lang='lat' dir='ltr'>est,</span> <span class='ocrx_word' id='word_1_319' title='bbox 967 4101 997 4172; x_wconf 90' lang='lat' dir='ltr'>si</span> <span class='ocrx_word' id='word_1_320' title='bbox 1013 4127 1055 4172; x_wconf 83' lang='lat' dir='ltr'>ex</span> <span class='ocrx_word' id='word_1_321' title='bbox 1070 4099 1227 4175; x_wconf 84' lang='lat' dir='ltr'>humane</span> <span class='ocrx_word' id='word_1_322' title='bbox 1246 4129 1320 4175; x_wconf 90' lang='lat' dir='ltr'>me-</span> 
     </span>
     <span class='ocr_line' id='line_1_44' title="bbox 332 4200 1319 4300; baseline 0.001 -23"><span class='ocrx_word' id='word_1_323' title='bbox 332 4207 429 4278; x_wconf 91' lang='lat' dir='ltr'>dulla</span> <span class='ocrx_word' id='word_1_324' title='bbox 439 4218 620 4299; x_wconf 87' lang='lat' dir='ltr'>serpentes</span> <span class='ocrx_word' id='word_1_325' title='bbox 632 4216 847 4297; x_wconf 77' lang='lat' dir='ltr'>generentur</span> <span class='ocrx_word' id='word_1_326' title='bbox 862 4215 1010 4297; x_wconf 87' lang='lat' dir='ltr'>propter</span> <span class='ocrx_word' id='word_1_327' title='bbox 1024 4200 1093 4276; x_wconf 92' lang='lat' dir='ltr'>hoc</span> <span class='ocrx_word' id='word_1_328' title='bbox 1103 4209 1319 4300; x_wconf 89' lang='lat' dir='ltr'>contagium.</span> 
     </span>
    </p>
   </div>
   <div class='ocr_carea' id='block_1_22' title="bbox 705 4361 945 4455">
    <p class='ocr_par' dir='ltr' id='par_1_22' title="bbox 705 4361 945 4455">
     <span class='ocr_line' id='line_1_45' title="bbox 705 4361 945 4455; baseline 0 -23"><span class='ocrx_word' id='word_1_329' title='bbox 705 4361 945 4455; x_wconf 84' lang='lat' dir='ltr'>Hyacna.</span> 
     </span>
    </p>
   </div>
   <div class='ocr_carea' id='block_1_23' title="bbox 384 4496 1322 4804">
    <p class='ocr_par' dir='ltr' id='par_1_23' title="bbox 384 4496 1322 4804">
     <span class='ocr_line' id='line_1_46' title="bbox 384 4496 1153 4594; baseline 0.01 -30"><span class='ocrx_word' id='word_1_330' title='bbox 384 4496 463 4570; x_wconf 85' lang='lat' dir='ltr'>Vss.</span> <span class='ocrx_word' id='word_1_331' title='bbox 478 4497 553 4570; x_wconf 83' lang='lat'>409</span> <span class='ocrx_word' id='word_1_332' title='bbox 568 4523 621 4593; x_wconf 89' lang='lat' dir='ltr'>sq.</span> <span class='ocrx_word' id='word_1_333' title='bbox 673 4523 758 4594; x_wconf 84' lang='lat' dir='ltr'>quoe</span> <span class='ocrx_word' id='word_1_334' title='bbox 771 4503 865 4570; x_wconf 85' lang='lat' dir='ltr'>moda</span> <span class='ocrx_word' id='word_1_335' title='bbox 876 4496 1008 4589; x_wconf 74' lang='lat' dir='ltr'>semino</span> <span class='ocrx_word' id='word_1_336' title='bbox 1024 4511 1117 4592; x_wconf 77' lang='lat' dir='ltr'>terpo</span> <span class='ocrx_word' id='word_1_337' title='bbox 1148 4503 1153 4525; x_wconf 90' lang='lat'><em>&#39;</em></span> 
     </span>
     <span class='ocr_line' id='line_1_47' title="bbox 384 4605 1322 4685; baseline 0.005 -15"><span class='ocrx_word' id='word_1_338' title='bbox 384 4605 495 4672; x_wconf 78' lang='lat' dir='ltr'>Passa</span> <span class='ocrx_word' id='word_1_339' title='bbox 516 4626 645 4672; x_wconf 84' lang='lat' dir='ltr'>morem</span> <span class='ocrx_word' id='word_1_340' title='bbox 668 4613 737 4685; x_wconf 80' lang='lat' dir='ltr'>est,</span> <span class='ocrx_word' id='word_1_341' title='bbox 781 4613 871 4672; x_wconf 79' lang='lat' dir='ltr'>nunc</span> <span class='ocrx_word' id='word_1_342' title='bbox 899 4626 971 4673; x_wconf 79' lang='lat' dir='ltr'>csse</span> <span class='ocrx_word' id='word_1_343' title='bbox 1000 4627 1130 4675; x_wconf 85' lang='lat' dir='ltr'>morem</span> <span class='ocrx_word' id='word_1_344' title='bbox 1158 4609 1322 4676; x_wconf 81' lang='lat' dir='ltr'>miremur</span> 
     </span>
     <span class='ocr_line' id='line_1_48' title="bbox 691 4704 920 4804; baseline 0.004 -31"><span class='ocrx_word' id='word_1_345' title='bbox 691 4737 694 4751; x_wconf 90' lang='lat'>·</span> <span class='ocrx_word' id='word_1_346' title='bbox 743 4704 920 4804; x_wconf 69' lang='lat' dir='ltr'>dymnum.</span> 
     </span>
    </p>
   </div>
   <div class='ocr_carea' id='block_1_24' title="bbox 331 4817 1323 5022">
    <p class='ocr_par' dir='ltr' id='par_1_24' title="bbox 331 4817 1323 5022">
     <span class='ocr_line' id='line_1_49' title="bbox 437 4817 1322 4919; baseline 0.002 -25"><span class='ocrx_word' id='word_1_347' title='bbox 437 4823 544 4896; x_wconf 80' lang='lat' dir='ltr'>Tales</span> <span class='ocrx_word' id='word_1_348' title='bbox 556 4817 718 4916; x_wconf 89' lang='lat' dir='ltr'>hyaenae</span> <span class='ocrx_word' id='word_1_349' title='bbox 733 4835 817 4894; x_wconf 90' lang='lat' dir='ltr'>sunt</span> <span class='ocrx_word' id='word_1_350' title='bbox 831 4819 1010 4917; x_wconf 87' lang='lat' dir='ltr'>theologi,</span> <span class='ocrx_word' id='word_1_351' title='bbox 1037 4825 1100 4919; x_wconf 91' lang='lat' dir='ltr'>qui</span> <span class='ocrx_word' id='word_1_352' title='bbox 1122 4827 1166 4895; x_wconf 91' lang='lat' dir='ltr'>de</span> <span class='ocrx_word' id='word_1_353' title='bbox 1188 4825 1322 4918; x_wconf 87' lang='lat' dir='ltr'>gravis-</span> 
     </span>
     <span class='ocr_line' id='line_1_50' title="bbox 331 4925 1323 5022; baseline -0.002 -22"><span class='ocrx_word' id='word_1_354' title='bbox 331 4925 434 5000; x_wconf 88' lang='lat' dir='ltr'>simis</span> <span class='ocrx_word' id='word_1_355' title='bbox 454 4927 633 4998; x_wconf 87' lang='lat' dir='ltr'>Ecclesiae</span> <span class='ocrx_word' id='word_1_356' title='bbox 655 4927 906 5000; x_wconf 85' lang='lat' dir='ltr'>contcoversiis</span> <span class='ocrx_word' id='word_1_357' title='bbox 928 4929 1168 5022; x_wconf 91' lang='lat' dir='ltr'>pronuntiant</span> <span class='ocrx_word' id='word_1_358' title='bbox 1194 4953 1236 4998; x_wconf 92' lang='lat' dir='ltr'>ac</span> <span class='ocrx_word' id='word_1_359' title='bbox 1259 4930 1323 4998; x_wconf 91' lang='lat' dir='ltr'>do-</span> 
     </span>
    </p>
   </div>
   <div class='ocr_carea' id='block_1_25' title="bbox 356 5159 1324 5380">
    <p class='ocr_par' dir='ltr' id='par_1_25' title="bbox 356 5159 1324 5380">
     <span class='ocr_line' id='line_1_51' title="bbox 356 5159 709 5225; baseline -0.003 -11"><span class='ocrx_word' id='word_1_360' title='bbox 356 5159 418 5224; x_wconf 71' lang='lat'>·02)</span> <span class='ocrx_word' id='word_1_361' title='bbox 440 5161 571 5214; x_wconf 74' lang='lat' dir='ltr'>Herodot.</span> <span class='ocrx_word' id='word_1_362' title='bbox 589 5161 646 5225; x_wconf 82' lang='lat' dir='ltr'>lv,</span> <span class='ocrx_word' id='word_1_363' title='bbox 665 5161 709 5214; x_wconf 71' lang='lat'>2⁰.</span> 
     </span>
     <span class='ocr_line' id='line_1_52' title="bbox 369 5242 1324 5380; baseline 0 -80"><span class='ocrx_word' id='word_1_364' title='bbox 369 5247 526 5380; x_wconf 43' lang='lat' dir='ltr'>flagillis.</span> <span class='ocrx_word' id='word_1_365' title='bbox 550 5249 614 5302; x_wconf 77' lang='lat' dir='ltr'>Nat.</span> <span class='ocrx_word' id='word_1_366' title='bbox 636 5247 710 5300; x_wconf 79' lang='lat' dir='ltr'>ittet.</span> <span class='ocrx_word' id='word_1_367' title='bbox 733 5247 783 5298; x_wconf 80' lang='lat' dir='ltr'>tv.</span> <span class='ocrx_word' id='word_1_368' title='bbox 809 5245 889 5299; x_wconf 66' lang='lat' dir='ltr'>nti.</span> <span class='ocrx_word' id='word_1_369' title='bbox 913 5245 1088 5300; x_wconf 49' lang='lat' dir='ltr'>mirans.</span> <span class='ocrx_word' id='word_1_370' title='bbox 1116 5242 1153 5312; x_wconf 87' lang='lat' dir='ltr'>(o.</span> <span class='ocrx_word' id='word_1_371' title='bbox 1173 5245 1215 5298; x_wconf 83' lang='grc'>11.</span> <span class='ocrx_word' id='word_1_372' title='bbox 1238 5244 1324 5300; x_wconf 72' lang='lat' dir='ltr'>nutet</span> 
     </span>
    </p>
   </div>
   <div class='ocr_carea' id='block_1_26' title="bbox 367 5369 1325 5537">
    <p class='ocr_par' dir='ltr' id='par_1_26' title="bbox 367 5369 1325 5537">
     <span class='ocr_line' id='line_1_53' title="bbox 367 5369 1325 5468; baseline -0.005 -13"><span class='ocrx_word' id='word_1_373' title='bbox 367 5399 419 5462; x_wconf 78' lang='lat' dir='ltr'>et)</span> <span class='ocrx_word' id='word_1_374' title='bbox 435 5402 570 5466; x_wconf 68' lang='lat' dir='ltr'>nutare]</span> <span class='ocrx_word' id='word_1_375' title='bbox 587 5401 629 5454; x_wconf 74' lang='lat' dir='ltr'>ne</span> <span class='ocrx_word' id='word_1_376' title='bbox 644 5401 695 5454; x_wconf 83' lang='lat' dir='ltr'>aa.</span> <span class='ocrx_word' id='word_1_377' title='bbox 710 5401 785 5453; x_wconf 81' lang='grc' dir='ltr'>ιεεε.</span> <span class='ocrx_word' id='word_1_378' title='bbox 801 5403 825 5455; x_wconf 85' lang='grc' dir='ltr'>ι.</span> <span class='ocrx_word' id='word_1_379' title='bbox 844 5398 893 5468; x_wconf 65' lang='grc' dir='ltr'>(ε.-</span> <span class='ocrx_word' id='word_1_380' title='bbox 909 5401 991 5458; x_wconf 79' lang='lat' dir='ltr'>ovtc</span> <span class='ocrx_word' id='word_1_381' title='bbox 1006 5401 1059 5457; x_wconf 80' lang='lat' dir='ltr'>ue.</span> <span class='ocrx_word' id='word_1_382' title='bbox 1077 5369 1217 5466; x_wconf 61' lang='lat' dir='ltr'>niuei„</span> <span class='ocrx_word' id='word_1_383' title='bbox 1240 5400 1325 5454; x_wconf 77' lang='lat' dir='ltr'>run</span> 
     </span>
     <span class='ocr_line' id='line_1_54' title="bbox 405 5471 792 5537; baseline 0.016 -15"><span class='ocrx_word' id='word_1_384' title='bbox 405 5471 483 5525; x_wconf 86' lang='grc'><strong>1555.</strong></span> <span class='ocrx_word' id='word_1_385' title='bbox 498 5483 541 5537; x_wconf 66' lang='grc' dir='ltr'>ι,</span> <span class='ocrx_word' id='word_1_386' title='bbox 568 5473 644 5525; x_wconf 68' lang='lat' dir='ltr'>tow.</span> <span class='ocrx_word' id='word_1_387' title='bbox 661 5473 792 5528; x_wconf 74' lang='lat' dir='ltr'>Mutare.</span> 
     </span>
    </p>
   </div>
   <div class='ocr_carea' id='block_1_27' title="bbox 1365 2962 2343 3466">
    <p class='ocr_par' dir='ltr' id='par_1_27' title="bbox 1365 2962 2343 3466">
     <span class='ocr_line' id='line_1_55' title="bbox 1365 2962 2343 3057; baseline 0.004 -27"><span class='ocrx_word' id='word_1_388' title='bbox 1365 2983 1433 3032; x_wconf 89' lang='lat' dir='ltr'>nos</span> <span class='ocrx_word' id='word_1_389' title='bbox 1447 2962 1614 3034; x_wconf 86' lang='lat' dir='ltr'>inventus</span> <span class='ocrx_word' id='word_1_390' title='bbox 1630 2975 1702 3048; x_wconf 88' lang='lat' dir='ltr'>est,</span> <span class='ocrx_word' id='word_1_391' title='bbox 1727 2962 1842 3057; x_wconf 83' lang='lat' dir='ltr'>quise</span> <span class='ocrx_word' id='word_1_392' title='bbox 1857 2963 2040 3036; x_wconf 85' lang='lat' dir='ltr'>Neronem</span> <span class='ocrx_word' id='word_1_393' title='bbox 2056 2964 2255 3048; x_wconf 78' lang='lat' dir='ltr'>lectitaret,</span> <span class='ocrx_word' id='word_1_394' title='bbox 2277 2978 2343 3034; x_wconf 86' lang='lat' dir='ltr'>tan·</span> 
     </span>
     <span class='ocr_line' id='line_1_56' title="bbox 1367 3061 2343 3158; baseline 0.006 -25"><span class='ocrx_word' id='word_1_395' title='bbox 1367 3076 1515 3158; x_wconf 90' lang='lat' dir='ltr'>tumque</span> <span class='ocrx_word' id='word_1_396' title='bbox 1530 3079 1739 3136; x_wconf 86' lang='lat' dir='ltr'>consecutus</span> <span class='ocrx_word' id='word_1_397' title='bbox 1754 3079 1808 3138; x_wconf 85' lang='lat' dir='ltr'>est</span> <span class='ocrx_word' id='word_1_398' title='bbox 1821 3069 1983 3138; x_wconf 77' lang='lat' dir='ltr'>favorem</span> <span class='ocrx_word' id='word_1_399' title='bbox 2001 3067 2099 3158; x_wconf 88' lang='lat' dir='ltr'>apud</span> <span class='ocrx_word' id='word_1_400' title='bbox 2113 3061 2289 3154; x_wconf 81' lang='lat' dir='ltr'>Parthos,</span> <span class='ocrx_word' id='word_1_401' title='bbox 2310 3077 2343 3138; x_wconf 78' lang='lat' dir='ltr'>ul</span> 
     </span>
     <span class='ocr_line' id='line_1_57' title="bbox 1367 3161 2342 3253; baseline 0.001 -15"><span class='ocrx_word' id='word_1_402' title='bbox 1367 3169 1561 3238; x_wconf 87' lang='lat' dir='ltr'>summoin</span> <span class='ocrx_word' id='word_1_403' title='bbox 1575 3164 1715 3241; x_wconf 88' lang='lat' dir='ltr'>honore</span> <span class='ocrx_word' id='word_1_404' title='bbox 1739 3161 1951 3253; x_wconf 87' lang='lat' dir='ltr'>haberetur,</span> <span class='ocrx_word' id='word_1_405' title='bbox 1984 3169 2099 3240; x_wconf 88' lang='lat' dir='ltr'>donec</span> <span class='ocrx_word' id='word_1_406' title='bbox 2120 3171 2269 3240; x_wconf 89' lang='lat' dir='ltr'>tandem</span> <span class='ocrx_word' id='word_1_407' title='bbox 2293 3171 2342 3240; x_wconf 88' lang='lat' dir='ltr'>de·</span> 
     </span>
     <span class='ocr_line' id='line_1_58' title="bbox 1366 3268 2341 3362; baseline -0.001 -22"><span class='ocrx_word' id='word_1_408' title='bbox 1366 3281 1458 3340; x_wconf 87' lang='lat' dir='ltr'>tecta</span> <span class='ocrx_word' id='word_1_409' title='bbox 1480 3270 1606 3340; x_wconf 82' lang='lat' dir='ltr'>fraude</span> <span class='ocrx_word' id='word_1_410' title='bbox 1631 3271 1767 3342; x_wconf 90' lang='lat' dir='ltr'>occisus</span> <span class='ocrx_word' id='word_1_411' title='bbox 1793 3285 1886 3342; x_wconf 87' lang='lat' dir='ltr'>esta</span> <span class='ocrx_word' id='word_1_412' title='bbox 1913 3268 2158 3362; x_wconf 89' lang='lat' dir='ltr'>Calphurnio,</span> <span class='ocrx_word' id='word_1_413' title='bbox 2190 3272 2341 3344; x_wconf 76' lang='lat' dir='ltr'>Galatiae</span> 
     </span>
     <span class='ocr_line' id='line_1_59' title="bbox 1367 3370 2342 3466; baseline -0.002 -24"><span class='ocrx_word' id='word_1_414' title='bbox 1367 3373 1560 3465; x_wconf 84' lang='lat' dir='ltr'>praefecto.</span> <span class='ocrx_word' id='word_1_415' title='bbox 1627 3373 1800 3444; x_wconf 86' lang='lat' dir='ltr'>Similiter</span> <span class='ocrx_word' id='word_1_416' title='bbox 1821 3399 1918 3446; x_wconf 87' lang='lat' dir='ltr'>anno</span> <span class='ocrx_word' id='word_1_417' title='bbox 1942 3370 2054 3446; x_wconf 80' lang='lat'><strong>1547.</strong></span> <span class='ocrx_word' id='word_1_418' title='bbox 2081 3397 2158 3443; x_wconf 91' lang='lat' dir='ltr'>non</span> <span class='ocrx_word' id='word_1_419' title='bbox 2178 3375 2285 3466; x_wconf 91' lang='lat' dir='ltr'>longe</span> <span class='ocrx_word' id='word_1_420' title='bbox 2305 3373 2342 3440; x_wconf 92' lang='lat' dir='ltr'>ab</span> 
     </span>
    </p>
   </div>
   <div class='ocr_carea' id='block_1_28' title="bbox 1365 2344 2411 2440">
    <p class='ocr_par' dir='ltr' id='par_1_28' title="bbox 1365 2344 2411 2440">
     <span class='ocr_line' id='line_1_60' title="bbox 1365 2344 2411 2440; baseline 0.001 -24"><span class='ocrx_word' id='word_1_421' title='bbox 1365 2360 1422 2418; x_wconf 87' lang='lat' dir='ltr'>tus</span> <span class='ocrx_word' id='word_1_422' title='bbox 1438 2347 1594 2440; x_wconf 79' lang='lat' dir='ltr'>vigebat.</span> <span class='ocrx_word' id='word_1_423' title='bbox 1646 2347 1822 2440; x_wconf 87' lang='lat' dir='ltr'>Persaepe</span> <span class='ocrx_word' id='word_1_424' title='bbox 1837 2359 1956 2422; x_wconf 88' lang='lat' dir='ltr'>autem</span> <span class='ocrx_word' id='word_1_425' title='bbox 1974 2347 2112 2416; x_wconf 89' lang='lat' dir='ltr'>inventi</span> <span class='ocrx_word' id='word_1_426' title='bbox 2130 2361 2215 2418; x_wconf 87' lang='lat' dir='ltr'>sunt</span> <span class='ocrx_word' id='word_1_427' title='bbox 2237 2344 2344 2418; x_wconf 87' lang='lat' dir='ltr'>homi·</span> <span class='ocrx_word' id='word_1_428' title='bbox 2410 2379 2411 2408; x_wconf 62' lang='grc'>;</span> 
     </span>
    </p>
   </div>
   <div class='ocr_carea' id='block_1_29' title="bbox 1365 2543 2413 2754">
    <p class='ocr_par' dir='ltr' id='par_1_29' title="bbox 1365 2543 2413 2754">
     <span class='ocr_line' id='line_1_61' title="bbox 1365 2543 2412 2646; baseline 0 -24"><span class='ocrx_word' id='word_1_429' title='bbox 1365 2552 1423 2622; x_wconf 92' lang='lat' dir='ltr'>Sic</span> <span class='ocrx_word' id='word_1_430' title='bbox 1441 2553 1643 2645; x_wconf 91' lang='lat' dir='ltr'>imperante</span> <span class='ocrx_word' id='word_1_431' title='bbox 1658 2552 1823 2639; x_wconf 85' lang='lat' dir='ltr'>Vitellio,</span> <span class='ocrx_word' id='word_1_432' title='bbox 1849 2554 1939 2624; x_wconf 90' lang='lat' dir='ltr'>alter</span> <span class='ocrx_word' id='word_1_433' title='bbox 1953 2553 2058 2646; x_wconf 83' lang='lat' dir='ltr'>quasi</span> <span class='ocrx_word' id='word_1_434' title='bbox 2071 2552 2219 2624; x_wconf 87' lang='lat' dir='ltr'>Virbius</span> <span class='ocrx_word' id='word_1_435' title='bbox 2240 2552 2343 2624; x_wconf 83' lang='lat' dir='ltr'>extitit</span> <span class='ocrx_word' id='word_1_436' title='bbox 2411 2543 2412 2576; x_wconf 68' lang='lat'>³</span> 
     </span>
     <span class='ocr_line' id='line_1_62' title="bbox 1365 2636 2413 2754; baseline 0.003 -31"><span class='ocrx_word' id='word_1_437' title='bbox 1365 2651 1564 2749; x_wconf 64' lang='lat' dir='ltr'>in‘lllyrico</span> <span class='ocrx_word' id='word_1_438' title='bbox 1580 2655 1758 2754; x_wconf 58' lang='lat' dir='ltr'>servusoe)</span> <span class='ocrx_word' id='word_1_439' title='bbox 1775 2656 1924 2726; x_wconf 85' lang='lat' dir='ltr'>nomine</span> <span class='ocrx_word' id='word_1_440' title='bbox 1939 2655 2050 2740; x_wconf 84' lang='lat' dir='ltr'>Geta,</span> <span class='ocrx_word' id='word_1_441' title='bbox 2076 2655 2140 2750; x_wconf 88' lang='lat' dir='ltr'>qui</span> <span class='ocrx_word' id='word_1_442' title='bbox 2159 2680 2198 2728; x_wconf 85' lang='lat' dir='ltr'>se</span> <span class='ocrx_word' id='word_1_443' title='bbox 2210 2656 2343 2728; x_wconf 86' lang='lat' dir='ltr'>Scribo·</span> <span class='ocrx_word' id='word_1_444' title='bbox 2412 2636 2413 2663; x_wconf 43' lang='lat'>¹</span> 
     </span>
    </p>
   </div>
   <div class='ocr_carea' id='block_1_30' title="bbox 1368 3473 2415 3782">
    <p class='ocr_par' dir='ltr' id='par_1_30' title="bbox 1368 3473 2415 3782">
     <span class='ocr_line' id='line_1_63' title="bbox 1368 3473 2415 3570; baseline -0.002 -26"><span class='ocrx_word' id='word_1_445' title='bbox 1368 3473 1548 3568; x_wconf 86' lang='lat' dir='ltr'>Hercynia</span> <span class='ocrx_word' id='word_1_446' title='bbox 1574 3477 1674 3568; x_wconf 90' lang='lat' dir='ltr'>sylva</span> <span class='ocrx_word' id='word_1_447' title='bbox 1696 3477 1863 3548; x_wconf 88' lang='lat' dir='ltr'>inventus</span> <span class='ocrx_word' id='word_1_448' title='bbox 1886 3475 1998 3548; x_wconf 90' lang='lat' dir='ltr'>estin</span> <span class='ocrx_word' id='word_1_449' title='bbox 2017 3477 2174 3570; x_wconf 76' lang='lat' dir='ltr'>quadmn</span> <span class='ocrx_word' id='word_1_450' title='bbox 2207 3479 2342 3548; x_wconf 84' lang='lat' dir='ltr'>ruinosa</span> <span class='ocrx_word' id='word_1_451' title='bbox 2414 3505 2415 3510; x_wconf 41' lang='lat'>¹</span> 
     </span>
     <span class='ocr_line' id='line_1_64' title="bbox 1369 3573 2415 3672; baseline -0.004 -24"><span class='ocrx_word' id='word_1_452' title='bbox 1369 3589 1405 3648; x_wconf 89' lang='lat' dir='ltr'>et</span> <span class='ocrx_word' id='word_1_453' title='bbox 1419 3579 1559 3648; x_wconf 87' lang='lat' dir='ltr'>deserta</span> <span class='ocrx_word' id='word_1_454' title='bbox 1578 3601 1659 3648; x_wconf 87' lang='lat' dir='ltr'>arce</span> <span class='ocrx_word' id='word_1_455' title='bbox 1672 3580 1728 3648; x_wconf 86' lang='lat' dir='ltr'>vir</span> <span class='ocrx_word' id='word_1_456' title='bbox 1745 3603 1896 3671; x_wconf 88' lang='lat' dir='ltr'>corpore</span> <span class='ocrx_word' id='word_1_457' title='bbox 1918 3578 2053 3648; x_wconf 91' lang='lat' dir='ltr'>inculto</span> <span class='ocrx_word' id='word_1_458' title='bbox 2071 3591 2179 3672; x_wconf 84' lang='lat' dir='ltr'>atque</span> <span class='ocrx_word' id='word_1_459' title='bbox 2192 3573 2343 3658; x_wconf 90' lang='lat' dir='ltr'>horrido,</span> <span class='ocrx_word' id='word_1_460' title='bbox 2414 3579 2415 3662; x_wconf 38' lang='lat' dir='ltr'><em>g</em></span> 
     </span>
     <span class='ocr_line' id='line_1_65' title="bbox 1369 3677 2415 3782; baseline 0.001 -33"><span class='ocrx_word' id='word_1_461' title='bbox 1369 3679 1432 3774; x_wconf 91' lang='lat' dir='ltr'>qui</span> <span class='ocrx_word' id='word_1_462' title='bbox 1449 3679 1642 3750; x_wconf 84' lang='lat' dir='ltr'>affirmavit</span> <span class='ocrx_word' id='word_1_463' title='bbox 1656 3705 1693 3752; x_wconf 85' lang='lat' dir='ltr'>se</span> <span class='ocrx_word' id='word_1_464' title='bbox 1709 3705 1782 3754; x_wconf 89' lang='lat' dir='ltr'>esse</span> <span class='ocrx_word' id='word_1_465' title='bbox 1797 3679 2056 3776; x_wconf 86' lang='lat' dir='ltr'>lmperatorem</span> <span class='ocrx_word' id='word_1_466' title='bbox 2069 3677 2344 3762; x_wconf 81' lang='lat' dir='ltr'>Eridericumll,</span> <span class='ocrx_word' id='word_1_467' title='bbox 2414 3779 2415 3782; x_wconf 8' lang='grc' dir='ltr'><strong>Ἴ</strong></span> 
     </span>
    </p>
   </div>
   <div class='ocr_carea' id='block_1_31' title="bbox 1369 3782 2198 3876">
    <p class='ocr_par' dir='ltr' id='par_1_31' title="bbox 1369 3782 2198 3876">
     <span class='ocr_line' id='line_1_66' title="bbox 1369 3782 2198 3876; baseline 0.005 -24"><span class='ocrx_word' id='word_1_468' title='bbox 1369 3782 1529 3876; x_wconf 85' lang='lat' dir='ltr'>dixitque</span> <span class='ocrx_word' id='word_1_469' title='bbox 1544 3807 1582 3855; x_wconf 88' lang='lat' dir='ltr'>se</span> <span class='ocrx_word' id='word_1_470' title='bbox 1597 3784 1878 3856; x_wconf 80' lang='lat' dir='ltr'>reformaturum</span> <span class='ocrx_word' id='word_1_471' title='bbox 1892 3783 2037 3876; x_wconf 85' lang='lat' dir='ltr'>imperii</span> <span class='ocrx_word' id='word_1_472' title='bbox 2045 3794 2198 3872; x_wconf 49' lang='lat' dir='ltr'>,statum</span> 
     </span>
    </p>
   </div>
   <div class='ocr_carea' id='block_1_32' title="bbox 1640 3989 2087 4084">
    <p class='ocr_par' dir='ltr' id='par_1_32' title="bbox 1640 3989 2087 4084">
     <span class='ocr_line' id='line_1_67' title="bbox 1640 3989 2087 4084; baseline 0 -22"><span class='ocrx_word' id='word_1_473' title='bbox 1640 3989 1807 4084; x_wconf 86' lang='lat' dir='ltr'>Egeria</span> <span class='ocrx_word' id='word_1_474' title='bbox 1831 3991 1876 4061; x_wconf 93' lang='lat' dir='ltr'>in</span> <span class='ocrx_word' id='word_1_475' title='bbox 1903 3992 2087 4062; x_wconf 83' lang='lat' dir='ltr'>iontem.</span> 
     </span>
    </p>
   </div>
   <div class='ocr_carea' id='block_1_33' title="bbox 1420 4139 2344 4258">
    <p class='ocr_par' dir='ltr' id='par_1_33' title="bbox 1420 4139 2344 4258">
     <span class='ocr_line' id='line_1_68' title="bbox 1420 4139 2344 4258; baseline -0.011 -44"><span class='ocrx_word' id='word_1_476' title='bbox 1420 4140 1483 4214; x_wconf 79' lang='lat' dir='ltr'>Vs.</span> <span class='ocrx_word' id='word_1_477' title='bbox 1493 4139 1580 4216; x_wconf 85' lang='grc'><strong>547.</strong></span> <span class='ocrx_word' id='word_1_478' title='bbox 1605 4151 1685 4218; x_wconf 81' lang='lat' dir='ltr'>Nun</span> <span class='ocrx_word' id='word_1_479' title='bbox 1700 4151 1812 4217; x_wconf 72' lang='lat' dir='ltr'>tamen</span> <span class='ocrx_word' id='word_1_480' title='bbox 1826 4151 1970 4238; x_wconf 73' lang='lat' dir='ltr'>Egeriae</span> <span class='ocrx_word' id='word_1_481' title='bbox 1986 4145 2223 4258; x_wconf 58' lang='lat' dir='ltr'>luctueulieno</span> <span class='ocrx_word' id='word_1_482' title='bbox 2238 4144 2344 4212; x_wconf 68' lang='lat' dir='ltr'>tavare.</span> 
     </span>
    </p>
   </div>
   <div class='ocr_carea' id='block_1_34' title="bbox 1371 4279 2348 4974">
    <p class='ocr_par' dir='ltr' id='par_1_34' title="bbox 1371 4279 2348 4974">
     <span class='ocr_line' id='line_1_69' title="bbox 1475 4279 2344 4378; baseline -0.015 -24"><span class='ocrx_word' id='word_1_483' title='bbox 1475 4279 1816 4375; x_wconf 87' lang='lat' dir='ltr'>NumaPompilius,</span> <span class='ocrx_word' id='word_1_484' title='bbox 1832 4309 1905 4378; x_wconf 91' lang='lat' dir='ltr'>quo</span> <span class='ocrx_word' id='word_1_485' title='bbox 1921 4284 2059 4354; x_wconf 86' lang='lat' dir='ltr'>maiore</span> <span class='ocrx_word' id='word_1_486' title='bbox 2074 4283 2113 4352; x_wconf 90' lang='lat' dir='ltr'>in</span> <span class='ocrx_word' id='word_1_487' title='bbox 2126 4279 2344 4351; x_wconf 84' lang='lat' dir='ltr'>veneratione</span> 
     </span>
     <span class='ocr_line' id='line_1_70' title="bbox 1373 4372 2346 4480; baseline -0.008 -24"><span class='ocrx_word' id='word_1_488' title='bbox 1373 4398 1466 4458; x_wconf 84' lang='lat' dir='ltr'>esset</span> <span class='ocrx_word' id='word_1_489' title='bbox 1482 4387 1579 4479; x_wconf 90' lang='lat' dir='ltr'>apud</span> <span class='ocrx_word' id='word_1_490' title='bbox 1592 4387 1788 4480; x_wconf 90' lang='lat' dir='ltr'>populum,</span> <span class='ocrx_word' id='word_1_491' title='bbox 1814 4372 2005 4458; x_wconf 74' lang='lat' dir='ltr'>simulabat</span> <span class='ocrx_word' id='word_1_492' title='bbox 2024 4383 2093 4457; x_wconf 90' lang='lat' dir='ltr'>sibi</span> <span class='ocrx_word' id='word_1_493' title='bbox 2115 4407 2191 4456; x_wconf 86' lang='lat' dir='ltr'>csse</span> <span class='ocrx_word' id='word_1_494' title='bbox 2216 4393 2346 4451; x_wconf 89' lang='lat' dir='ltr'>noctur·</span> 
     </span>
     <span class='ocr_line' id='line_1_71' title="bbox 1371 4480 2346 4582; baseline -0.005 -25"><span class='ocrx_word' id='word_1_495' title='bbox 1371 4511 1439 4560; x_wconf 90' lang='lat' dir='ltr'>nos</span> <span class='ocrx_word' id='word_1_496' title='bbox 1456 4513 1665 4581; x_wconf 86' lang='lat' dir='ltr'>congressus</span> <span class='ocrx_word' id='word_1_497' title='bbox 1689 4514 1769 4560; x_wconf 92' lang='lat' dir='ltr'>cum</span> <span class='ocrx_word' id='word_1_498' title='bbox 1784 4487 1934 4582; x_wconf 84' lang='lat' dir='ltr'>Egeriae</span> <span class='ocrx_word' id='word_1_499' title='bbox 1956 4488 2066 4566; x_wconf 79' lang='lat' dir='ltr'>fontis</span> <span class='ocrx_word' id='word_1_500' title='bbox 2084 4480 2274 4582; x_wconf 87' lang='lat' dir='ltr'>Nympha,</span> <span class='ocrx_word' id='word_1_501' title='bbox 2298 4503 2346 4548; x_wconf 81' lang='lat' dir='ltr'>ve·</span> 
     </span>
     <span class='ocr_line' id='line_1_72' title="bbox 1371 4588 2346 4686; baseline -0.01 -26"><span class='ocrx_word' id='word_1_502' title='bbox 1371 4592 1441 4663; x_wconf 92' lang='lat' dir='ltr'>luti</span> <span class='ocrx_word' id='word_1_503' title='bbox 1455 4617 1536 4662; x_wconf 89' lang='lat' dir='ltr'>cum</span> <span class='ocrx_word' id='word_1_504' title='bbox 1553 4592 1715 4683; x_wconf 87' lang='lat' dir='ltr'>coniuge.</span> <span class='ocrx_word' id='word_1_505' title='bbox 1756 4591 1849 4662; x_wconf 89' lang='lat' dir='ltr'>Hinc</span> <span class='ocrx_word' id='word_1_506' title='bbox 1863 4593 2008 4686; x_wconf 88' lang='lat' dir='ltr'>lingitur</span> <span class='ocrx_word' id='word_1_507' title='bbox 2017 4589 2147 4682; x_wconf 87' lang='lat' dir='ltr'>Egeria</span> <span class='ocrx_word' id='word_1_508' title='bbox 2162 4588 2261 4658; x_wconf 91' lang='lat' dir='ltr'>luctu</span> <span class='ocrx_word' id='word_1_509' title='bbox 2276 4605 2346 4654; x_wconf 90' lang='lat' dir='ltr'>con·</span> 
     </span>
     <span class='ocr_line' id='line_1_73' title="bbox 1373 4689 2346 4779; baseline -0.01 -15"><span class='ocrx_word' id='word_1_510' title='bbox 1373 4718 1474 4766; x_wconf 87' lang='lat' dir='ltr'>versa</span> <span class='ocrx_word' id='word_1_511' title='bbox 1491 4696 1701 4779; x_wconf 83' lang='lat' dir='ltr'>insontem,</span> <span class='ocrx_word' id='word_1_512' title='bbox 1727 4691 1845 4766; x_wconf 90' lang='lat' dir='ltr'>Numa</span> <span class='ocrx_word' id='word_1_513' title='bbox 1864 4698 1936 4766; x_wconf 90' lang='lat' dir='ltr'>iam</span> <span class='ocrx_word' id='word_1_514' title='bbox 1962 4695 2128 4765; x_wconf 85' lang='lat' dir='ltr'>extincto.</span> <span class='ocrx_word' id='word_1_515' title='bbox 2187 4689 2275 4760; x_wconf 87' lang='lat' dir='ltr'>Erat</span> <span class='ocrx_word' id='word_1_516' title='bbox 2296 4709 2346 4754; x_wconf 91' lang='lat' dir='ltr'>au·</span> 
     </span>
     <span class='ocr_line' id='line_1_74' title="bbox 1374 4793 2348 4891; baseline -0.009 -24"><span class='ocrx_word' id='word_1_517' title='bbox 1374 4810 1446 4868; x_wconf 88' lang='lat' dir='ltr'>tem</span> <span class='ocrx_word' id='word_1_518' title='bbox 1462 4797 1613 4890; x_wconf 86' lang='lat' dir='ltr'>Egeriae</span> <span class='ocrx_word' id='word_1_519' title='bbox 1625 4799 1706 4868; x_wconf 84' lang='lat' dir='ltr'>lons</span> <span class='ocrx_word' id='word_1_520' title='bbox 1720 4798 1859 4870; x_wconf 85' lang='lat' dir='ltr'>Romae</span> <span class='ocrx_word' id='word_1_521' title='bbox 1881 4811 1979 4870; x_wconf 82' lang='lat' dir='ltr'>extra</span> <span class='ocrx_word' id='word_1_522' title='bbox 2004 4809 2149 4891; x_wconf 89' lang='lat' dir='ltr'>portam</span> <span class='ocrx_word' id='word_1_523' title='bbox 2166 4793 2348 4885; x_wconf 85' lang='lat' dir='ltr'>Capenam,</span> 
     </span>
     <span class='ocr_line' id='line_1_75' title="bbox 1374 4900 1901 4974; baseline 0 -4"><span class='ocrx_word' id='word_1_524' title='bbox 1374 4900 1414 4971; x_wconf 92' lang='lat' dir='ltr'>in</span> <span class='ocrx_word' id='word_1_525' title='bbox 1428 4903 1510 4972; x_wconf 93' lang='lat' dir='ltr'>luco</span> <span class='ocrx_word' id='word_1_526' title='bbox 1527 4902 1804 4974; x_wconf 85' lang='lat' dir='ltr'>Camoenarum.</span> <span class='ocrx_word' id='word_1_527' title='bbox 1897 4905 1901 4916; x_wconf 91' lang='lat'>&#39;</span> 
     </span>
    </p>
   </div>
   <div class='ocr_carea' id='block_1_35' title="bbox 1377 5077 1581 5086">
    <p class='ocr_par' dir='ltr' id='par_1_35' title="bbox 1377 5077 1581 5086">
     <span class='ocr_line' id='line_1_76' title="bbox 1377 5077 1581 5086; baseline -0.01 0"><span class='ocrx_word' id='word_1_528' title='bbox 1377 5077 1581 5086; x_wconf 77' lang='lat'>——-—</span> 
     </span>
    </p>
   </div>
   <div class='ocr_carea' id='block_1_36' title="bbox 1411 5179 2127 5250">
    <p class='ocr_par' dir='ltr' id='par_1_36' title="bbox 1411 5179 2127 5250">
     <span class='ocr_line' id='line_1_77' title="bbox 1411 5179 2127 5250; baseline -0.01 -12"><span class='ocrx_word' id='word_1_529' title='bbox 1411 5189 1461 5248; x_wconf 79' lang='grc'>61)</span> <span class='ocrx_word' id='word_1_530' title='bbox 1479 5186 1550 5242; x_wconf 75' lang='lat' dir='ltr'>Flet.</span> <span class='ocrx_word' id='word_1_531' title='bbox 1569 5185 1638 5250; x_wconf 82' lang='lat' dir='ltr'>opp.</span> <span class='ocrx_word' id='word_1_532' title='bbox 1657 5186 1699 5238; x_wconf 80' lang='lat' dir='ltr'>ed.</span> <span class='ocrx_word' id='word_1_533' title='bbox 1720 5187 1753 5236; x_wconf 86' lang='lat' dir='ltr'>u.</span> <span class='ocrx_word' id='word_1_534' title='bbox 1774 5185 1866 5248; x_wconf 81' lang='lat' dir='ltr'>steph.</span> <span class='ocrx_word' id='word_1_535' title='bbox 1886 5185 1916 5235; x_wconf 75' lang='grc' dir='ltr'>ι’.</span> <span class='ocrx_word' id='word_1_536' title='bbox 1931 5183 1966 5235; x_wconf 86' lang='lat' dir='ltr'>n.</span> <span class='ocrx_word' id='word_1_537' title='bbox 1984 5195 2010 5248; x_wconf 83' lang='lat' dir='ltr'>p.</span> <span class='ocrx_word' id='word_1_538' title='bbox 2021 5179 2084 5248; x_wconf 73' lang='lat' dir='ltr'>stt,</span> <span class='ocrx_word' id='word_1_539' title='bbox 2102 5181 2127 5232; x_wconf 86' lang='grc'><strong>5.</strong></span> 
     </span>
    </p>
   </div>
   <div class='ocr_carea' id='block_1_37' title="bbox 1411 5274 2348 5424">
    <p class='ocr_par' dir='ltr' id='par_1_37' title="bbox 1411 5274 2348 5424">
     <span class='ocr_line' id='line_1_78' title="bbox 1411 5274 2348 5354; baseline -0.017 -11"><span class='ocrx_word' id='word_1_540' title='bbox 1411 5291 1461 5352; x_wconf 83' lang='grc'>55)</span> <span class='ocrx_word' id='word_1_541' title='bbox 1479 5291 1584 5352; x_wconf 83' lang='lat' dir='ltr'>lucum]</span> <span class='ocrx_word' id='word_1_542' title='bbox 1604 5289 1647 5342; x_wconf 75' lang='lat' dir='ltr'>sle</span> <span class='ocrx_word' id='word_1_543' title='bbox 1663 5290 1715 5342; x_wconf 79' lang='lat' dir='ltr'>lid.</span> <span class='ocrx_word' id='word_1_544' title='bbox 1734 5289 1810 5341; x_wconf 88' lang='grc'><strong>1555.</strong></span> <span class='ocrx_word' id='word_1_545' title='bbox 1823 5289 1865 5354; x_wconf 81' lang='lat' dir='ltr'>b.;</span> <span class='ocrx_word' id='word_1_546' title='bbox 1900 5287 1984 5338; x_wconf 80' lang='lat' dir='ltr'>uutt.</span> <span class='ocrx_word' id='word_1_547' title='bbox 2005 5285 2079 5340; x_wconf 88' lang='grc'><strong>1555.</strong></span> <span class='ocrx_word' id='word_1_548' title='bbox 2093 5295 2136 5346; x_wconf 70' lang='grc' dir='ltr'>ι,</span> <span class='ocrx_word' id='word_1_549' title='bbox 2163 5283 2240 5336; x_wconf 75' lang='grc'><strong>1559.</strong></span> <span class='ocrx_word' id='word_1_550' title='bbox 2264 5274 2348 5331; x_wconf 76' lang='lat' dir='ltr'>naeu</span> 
     </span>
     <span class='ocr_line' id='line_1_79' title="bbox 1447 5359 1673 5424; baseline 0.009 -14"><span class='ocrx_word' id='word_1_551' title='bbox 1447 5362 1577 5424; x_wconf 65' lang='lat' dir='ltr'>typogra</span> <span class='ocrx_word' id='word_1_552' title='bbox 1601 5359 1673 5413; x_wconf 88' lang='lat' dir='ltr'>lucu.</span> 
     </span>
    </p>
   </div>
   <div class='ocr_carea' id='block_1_38' title="bbox 1410 5456 2110 5524">
    <p class='ocr_par' dir='ltr' id='par_1_38' title="bbox 1410 5456 2110 5524">
     <span class='ocr_line' id='line_1_80' title="bbox 1410 5456 2110 5524; baseline -0.01 -10"><span class='ocrx_word' id='word_1_553' title='bbox 1410 5463 1461 5523; x_wconf 75' lang='grc'><strong>55)</strong></span> <span class='ocrx_word' id='word_1_554' title='bbox 1480 5464 1599 5524; x_wconf 80' lang='lat' dir='ltr'>servus]</span> <span class='ocrx_word' id='word_1_555' title='bbox 1617 5461 1668 5514; x_wconf 76' lang='lat' dir='ltr'>lid.</span> <span class='ocrx_word' id='word_1_556' title='bbox 1683 5460 1759 5514; x_wconf 78' lang='lat' dir='ltr'>tote.</span> <span class='ocrx_word' id='word_1_557' title='bbox 1775 5461 1864 5514; x_wconf 77' lang='grc' dir='ltr'>ιιιιοι</span> <span class='ocrx_word' id='word_1_558' title='bbox 1887 5456 1987 5510; x_wconf 70' lang='lat' dir='ltr'>arvia.</span> <span class='ocrx_word' id='word_1_559' title='bbox 2105 5477 2110 5498; x_wconf 82' lang='lat'><em>·</em></span> 
     </span>
    </p>
   </div>
   <div class='ocr_carea' id='block_1_39' title="bbox 0 0 2443 6084">
    <p class='ocr_par' dir='ltr' id='par_1_39' title="bbox 0 0 2443 6084">
     <span class='ocr_line' id='line_1_81' title="bbox 0 0 2443 6084; baseline 0 0"><span class='ocrx_word' id='word_1_560' title='bbox 0 0 2443 6084; x_wconf 95' lang='lat' dir='ltr'> </span> 
     </span>
    </p>
   </div>
  </div>
 </body>
</html>
