4782 6060
264 287 340 368 aso
842 255 1730 391 ruu.uar..scn1eraeuuotoorca
1825 251 1830 265 '
2248 261 2322 340 424

265 463 418 536 Necesse
447 465 502 527 est
535 453 660 547 itaque
689 469 860 540 magnam
895 446 1155 540 praestantiam
1186 467 1260 515 esse
1313 442 1462 534 legens,
1489 439 1630 524 dicem,
1655 439 1856 534 sciesquid
1868 435 1989 532 legam
2005 437 2062 508 rel
2079 437 2214 509 dicam.
2248 437 2320 508 Sed

268 587 400 660 apum,
440 559 504 630 sed
540 569 663 626 tamen
696 552 794 620 illam
830 551 1129 644 longinquitatem
1167 548 1262 616 vitae
1317 548 1424 616 bruta
1443 567 1519 612 non
1533 538 1669 614 habent
1691 553 1790 611 actm
1817 541 1986 624 reflexus,
2019 543 2157 612 iaciunt
2178 543 2322 633 impetu

271 669 381 738 etiam
412 675 489 732 arte
520 667 753 737 conservant,
789 653 921 724 scilicet
945 654 1103 722 mirabili
1127 665 1264 742 tempe·
1322 648 1561 743 quodamsua
1580 669 1702 737 opera.
1737 643 2001 736 apisfacusua
2020 669 2150 736 opera,
2175 645 2320 714 nullum

270 770 413 850 tantia,
437 761 616 835 munditie
633 756 921 839 etcontinentia,
956 755 1040 850 quia
1066 758 1155 824 adeo
1182 765 1268 826 sunt
1320 748 1432 822 habet
1456 760 1574 818 actum
1601 748 1791 830 reflexum,
1817 747 1902 817 feeit
1924 743 2172 840 hexagonum,
2201 759 2237 816 et
2258 773 2320 816 ne-

272 879 536 964 temperantes,
560 876 601 934 ut
614 863 722 934 etiam
738 882 883 933 voraces
909 860 1080 950 puniente
1127 857 1268 926 Deinde
1323 854 1401 938 scit,
1418 875 1464 921 an
1480 852 1591 922 iaciat
1605 847 1851 943 hexagonum:
1879 851 1928 922 sic
1942 851 2029 921 facit
2043 851 2163 934 mella,
2188 873 2323 936 caerae,

274 995 407 1066 magna
423 981 475 1040 est
490 966 704 1048 mundities,
731 965 815 1059 quia
832 964 871 1030 in
886 962 1033 1032 alveolis
1049 958 1141 1032 nihil
1167 985 1269 1052 repe·
1322 959 1475 1030 sednon
1493 955 1678 1026 diiudicat.
1727 955 1895 1026 Secundo
1912 955 2065 1046 pecudes
2084 965 2227 1022 tantum
2252 954 2322 1023 sin-
2378 967 2379 994 ¹

276 1079 370 1150 ritur
393 1071 574 1154 sordium,
614 1069 738 1138 omnia
755 1068 942 1136 immunda
967 1061 1143 1148 evehunt,
1180 1066 1270 1132 adeo
1323 1060 1462 1154 gularia
1481 1059 1793 1140 animadvertunt,
1818 1054 1984 1129 homines
2002 1057 2236 1128 universalia.

278 1193 319 1252 ut
349 1176 458 1246 etiam
493 1196 555 1242 sua
589 1182 814 1241 excrementa
844 1170 884 1236 in
908 1170 1126 1262 peculiarem
1149 1169 1270 1238 locum
1426 1162 1488 1234 Vs.
1502 1163 1590 1239 220.
1624 1162 1794 1254 naama]
1823 1161 1979 1254 Quidam
2006 1162 2177 1230 dixerunt
2200 1159 2322 1229 omnia

280 1273 499 1352 convehant.
1326 1265 1526 1336 animantia
1548 1288 1677 1357 rapere
1701 1263 1837 1359 aliquid
1864 1289 1906 1334 cx
1927 1279 2028 1350 aare,
2062 1263 2127 1362 qui
2151 1263 2200 1334 sit
2222 1264 2323 1358 quid-

381 1380 444 1452 Vs.
464 1377 550 1452 208.
590 1367 800 1470 Immortoie]
842 1373 1047 1466 Quotannis
1080 1381 1274 1464 procreant
1323 1372 1409 1439 dana
1428 1369 1590 1439 diuinum
1607 1369 1799 1439 infundens
1816 1367 2006 1438 rationem.
2059 1365 2129 1436 Sed
2144 1389 2212 1436 vos
2230 1367 2324 1437 scitis

283 1484 392 1570 alias,
419 1482 502 1577 quia
520 1491 673 1570 pereunt
686 1478 809 1546 multis
831 1477 967 1560 modis,
993 1489 1147 1568 pereunt
1165 1473 1275 1564 frigo-
1326 1473 1387 1542 illa
1415 1495 1489 1542 esse
1517 1472 1633 1540 aliena
1663 1495 1683 1539 a
1718 1469 1883 1540 doctrina
1908 1467 2135 1553 Christiana,
2179 1481 2216 1538 et
2240 1491 2323 1538 vern

247 1581 402 1671 'ribus‚
448 1583 647 1664 caloribus,
686 1580 951 1650 interficiuntur
979 1581 1024 1649 ab
1055 1575 1274 1648 hominibus.
1326 1569 1568 1669 philosophia.
1621 1571 1687 1645 Est
1703 1575 1898 1646 absurdum
1922 1573 2041 1646 dicere
2064 1585 2226 1641 mentem
2253 1597 2323 1642 esse

282 1691 386 1760 Hanc
408 1686 459 1757 eis
479 1683 631 1776 gratiam
654 1682 878 1752 reddidimus
900 1707 968 1774 pro
999 1681 1275 1751 mellificatione.
1329 1693 1444 1750 ortam
1462 1701 1505 1746 ex
1521 1677 1639 1771 aliqua
1659 1678 1838 1769 corporali
1856 1689 1999 1761 natura,
2025 1676 2159 1748 scilicet
2174 1699 2220 1744 ex
2234 1691 2321 1748 aere.

286 1793 345 1864 Sic
356 1791 570 1884 plerumque
583 1783 750 1854 homines
763 1784 895 1875 ingrati
916 1797 999 1855 sunt
1020 1809 1101 1875 erga
1126 1805 1276 1882 magnos
1430 1779 1492 1850 Vs.
1508 1780 1596 1854 221.
1622 1781 1747 1874 Βαιηι]
1775 1779 1900 1864 idest,
1933 1774 2065 1854 aerem.
2159 1819 2164 1830 ·

288 1897 388 1965 viros
418 1893 462 1960 de
494 1887 677 1980 republica
708 1889 967 1971 benemeritos,
1007 1901 1047 1958 ut
1073 1887 1276 1977 exemplum
1431 1881 1493 1954 Vs.
1508 1882 1597 1959 224.
1622 1883 1823 1975 decessere]
1848 1883 1905 1954 Ab
1927 1889 1993 1969 nd,
2026 1893 2062 1953 et
2077 1905 2097 1950 a
2115 1879 2231 1949 verbo
2247 1885 2328 1966 etas,

289 1992 543 2068 Themistoclis
562 2001 724 2062 testatur.
1329 1986 1366 2056 id
1396 1995 1467 2070 est,
1509 1989 1665 2070 advoco,
1701 1987 1838 2071 idest,
1878 1981 1964 2056 hinc
1996 1982 2172 2077 hauriunt
2202 1985 2323 2052 vitam.

390 2095 452 2168 Vs.
465 2095 553 2169 210.
583 2099 768 2166 Praetereo
785 2087 912 2190 repom]
943 2090 998 2161 De
1021 2087 1222 2160 obedientia
1244 2099 1279 2158 et
1329 2090 1514 2181 Scriptura
1534 2113 1634 2161 sacra
1649 2089 1838 2159 manifeste
1856 2089 2026 2162 discernit
2041 2086 2235 2159 hominum
2253 2087 2326 2154 ani-

288 2198 425 2271 iustitia
441 2221 571 2290 apum,
597 2198 693 2289 apud
706 2193 980 2287 Xenophontem
1006 2193 1125 2288 inquit
1148 2193 1208 2261 ille
1233 2193 1279 2260 ad
1330 2217 1441 2263 masa
1460 2192 1532 2261 vita
1549 2192 1746 2284 pecudum,
1771 2193 1863 2263 sicut
1878 2193 2049 2292 celsusfl)
2066 2191 2205 2286 inquit:
2240 2189 2326 2260 Cor·

290 2303 443 2396 Cyrum:
471 2303 529 2370 Tu
545 2324 581 2370 es
595 2311 726 2368 natura
743 2323 824 2382 rex,
850 2299 941 2369 sicut
955 2321 1018 2366 rex
1038 2321 1168 2388 apum,
1195 2293 1278 2388 quia
1330 2321 1398 2388 pus
1406 2294 1575 2379 {occidere
1589 2307 1752 2390 possunt,
1777 2297 1935 2365 animam
1952 2321 2027 2365 non
2042 2307 2207 2390 possunt.
2238 2292 2323 2364 Item

290 2403 457 2475 homines
473 2403 539 2471 tibi
553 2402 705 2472 libenter
720 2413 755 2470 et
767 2414 895 2492 sponte
911 2402 1172 2490 obtemperant.
1208 2397 1280 2465 Ta·
1332 2396 1494 2472 Christus
1512 2399 1673 2491 loquitur
1697 2423 1777 2468 cum
1800 2399 1958 2470 Mosein
1971 2399 2327 2496 mmreTabor1··)‚

168 2509 172 2524 ⁸
290 2509 341 2579 les
356 2520 439 2578 sunt
452 2502 589 2576 heroici
610 2503 698 2588 viri,
725 2528 816 2597 quos
838 2517 966 2596 sponte
989 2515 1189 2596 sequuntur
1215 2496 1281 2569 ho·
1333 2515 1506 2572 ettamen
1523 2500 2005 2594 Mosesdiueratsepultus:
2032 2503 2258 2595 ergoanima
2278 2515 2326 2573 est

289 2611 425 2695 mines,
452 2621 487 2682 et
501 2609 644 2676 labores
658 2619 742 2678 sunt
758 2607 899 2691 dulces,
923 2604 1057 2676 habent
1080 2606 1188 2675 ctiam
1203 2628 1281 2674 suc·
1332 2603 1541 2698 separabilis
1573 2605 1720 2698 quidam
1760 2605 1907 2697 spiritus
1945 2629 1965 2674 a
2004 2629 2158 2702 corpore
2192 2606 2326 2678 vivens.

291 2739 407 2786 cessus
439 2710 641 2794 mirabiles,
683 2710 747 2803 qui
778 2709 854 2780 sine
883 2711 953 2810 illis
983 2703 1153 2778 heroibus
1179 2707 1280 2776 nullo
1333 2709 1438 2778 'l'alia
1468 2707 1672 2776 testimonia
1707 2721 1790 2778 sunt
1821 2709 2057 2780 observanda.
2123 2708 2235 2802 Quod
2268 2735 2327 2778 au·

291 2818 402 2887 modo
432 2813 694 2904 contingerent.
763 2813 863 2886 Sicut
892 2813 1048 2884 extincto
1074 2809 1280 2882 Alexandro
1333 2825 1405 2882 tem
1423 2809 1668 2882 animantibus
1684 2822 1768 2881 sunt
1783 2809 1976 2910 impressae
2000 2813 2180 2906 quaedam
2204 2811 2326 2903 imagi·

293 2918 467 2988 exercitus
483 2916 593 3008 ipsius
607 2912 700 2986 nihil
715 2930 838 3000 erant,
871 2918 934 2987 sed
949 2915 1101 3000 similes,
1132 2926 1173 2984 ut
1187 2912 1282 2981 Dea·
1332 2939 1396 2986 nes
1411 2925 1447 2982 et
1462 2912 1714 2985 similitudines
1732 2913 1957 2999 animarum,
1983 2915 2138 2985 sciamus
2159 2914 2328 3006 simplici-

293 3023 355 3098 des
371 3019 461 3090 dixit
474 3015 700 3112 Polyphemo
718 3020 822 3088 oculo
839 3019 983 3090 amisso.
1333 3032 1388 3090 ter
1405 3041 1479 3088 esse
1500 3017 1600 3108 signa
1622 3029 1657 3088 et
1681 3018 1842 3110 exempla
1866 3017 2041 3088 mirabilis
2064 3017 2162 3088 illius
2186 3017 2328 3109 opificii,

395 3122 457 3194 Vs.
473 3123 562 3194 211.
594 3127 668 3194 Nae
688 3123 803 3212 populi
825 3122 1048 3214 Panum]
1074 3118 1116 3189 In
1132 3117 1282 3192 Oriente
1335 3147 1426 3218 quae
1445 3133 1621 3192 testantur
1637 3121 1811 3190 mundum
1829 3113 1903 3191 non
1921 3121 2076 3193 extitisse
2093 3145 2192 3191 casu.

293 3249 424 3318 magna
451 3249 507 3297 res
531 3225 601 3294 luit
624 3225 722 3316 regia
747 3237 916 3318 potestas.
983 3223 1083 3294 Talis
1103 3245 1180 3292 non
1207 3232 1284 3291 erat
1436 3223 1498 3296 Vs.
1522 3225 1609 3298 228.
1649 3229 1695 3298 Si
1714 3227 1865 3320 quaudo]
1897 3223 2029 3311 idest,
2061 3226 2211 3322 quando
2233 3222 2327 3290 voles

219 3405 227 3420 Ι
294 3329 454 3412 Romae,
495 3327 547 3398 ibi
578 3327 747 3400 volebant
776 3327 892 3398 videri
921 3327 1072 3398 studiosi
1097 3324 1283 3396 libertatis.
1336 3327 1490 3397 eximere
1516 3327 1634 3399 mella.
1688 3326 1850 3396 Mellatio
1874 3328 2017 3399 dicitur.
2125 3327 2268 3418 Sedens]
2294 3325 2326 3391 id

294 3433 487 3527 Hydaspes]
511 3430 659 3501 Fluvius
673 3431 711 3500 in
728 3430 864 3500 Media.
1003 3471 1004 3474 =
1338 3447 1411 3518 cst,
1438 3431 1608 3502 alveolos.
1998 3418 2003 3431 ’

401 3534 559 3610 Pam.
601 3535 692 3626 neae
722 3533 900 3625 incolumi]
933 3527 1183 3603 Pulcherrima
1205 3555 1286 3602 sen·
1438 3533 1601 3610 Veni).
1627 3533 1783 3626 Kalinos]
1807 3532 1931 3620 idest,
1965 3531 2124 3626 aperies,
2158 3529 2327 3610 recludes,

295 3639 420 3711 tentia.
472 3637 529 3708 Sic
544 3637 686 3707 vivente
700 3637 905 3707 Alexandro
923 3649 1000 3705 erat
1019 3659 1168 3706 concors
1189 3659 1286 3704 exer·
1337 3639 1544 3733 resignabis.
1783 3658 1786 3669 ·

296 3741 406 3824 citus,
447 3753 483 3810 et
511 3765 643 3832 magna
676 3741 842 3834 voluptas
863 3753 941 3810 erat
962 3739 1012 3810 eis
1038 3739 1183 3808 obedire
1203 3739 1286 3809 Ale·
1330 3797 1345 3816 .
1438 3741 1605 3816 Vsldo.
1633 3736 1856 3838 Ore¹⁵)fooe]
1883 3736 2014 3822 idest,
2041 3761 2175 3830 exspue
2201 3757 2324 3829 aquarn

295 3845 448 3916 xondro·
1337 3851 1378 3919 in
1400 3847 1577 3928 alveolos,
1613 3855 1653 3914 ut
1676 3867 1760 3934 apes
1782 3842 1939 3936 fugiant,
1972 3841 2190 3936 quiaffiaegre
2214 3840 2326 3907 serunt

400 3943 461 4018 Vs.
479 3941 568 4022 215.
606 3949 671 4020 Illo
693 3971 830 4038 operum
854 3949 979 4038 rudae]
1021 3945 1098 4014 Rex
1125 3967 1201 4013 non
1235 3955 1288 4014 esi
1341 3951 1430 4044 eripi
1447 3950 1514 4020 sibi
1532 3947 1620 4017 illud
1637 3971 1740 4020 suurn
1758 3971 1867 4036 opus,
1893 3943 1985 4015 sicut
2000 3945 2105 4014 dehet
2128 3944 2245 4012 lacere
2269 3941 2326 4008 ho-

297 4051 453 4135 otiosus,
479 4050 644 4122 circumit
658 4063 735 4121 tota
751 4050 828 4135 die,
855 4063 892 4121 et
911 4051 1026 4133 videt,
1059 4073 1106 4118 an
1127 4049 1287 4140 singulae
1338 4083 1407 4128 nus
1419 4051 1689 4146 paterfamilias.
1728 4049 1775 4118 Et
1791 4049 2012 4138 dicuntapcs
2029 4047 2121 4115 circa
2137 4045 2229 4116 illud
2245 4055 2326 4112 ren-

295 4155 430 4236 faciant
444 4179 524 4224 suas
545 4177 685 4247 operas.
1338 4185 1425 4253 pus,
1457 4155 1604 4250 quando
1636 4151 1841 4222 eximuntur
1866 4151 1992 4234 mella,
2031 4149 2173 4219 avidius
2196 4169 2325 4226 rorare,

399 4255 460 4327 Vs.
483 4256 572 4331 219.
612 4261 680 4330 Hir
708 4259 844 4352 quior·
873 4253 1001 4344 tinnit]
1039 4251 1218 4324 Exturssss
1242 4255 1286 4322 de
1340 4286 1419 4333 cum
1435 4272 1558 4330 tamen
1576 4257 1712 4352 alioqui
1727 4256 1799 4326 sint
1814 4253 2055 4346 parcissimae.
2134 4245 2325 4345 thosqrte]

297 4356 440 4445 anima,
465 4363 561 4430 unde
579 4359 877 4432 inanimantibus
897 4359 937 4425 fit
962 4359 1140 4451 quaedam
1163 4355 1287 4426 simili·
1338 4366 1462 4445 idest,
1488 4363 1544 4430 fac
1560 4361 1699 4431 sumum
1717 4359 1763 4428 ad
1778 4359 1952 4440 alveolos,
1975 4369 2009 4426 et
2025 4357 2126 4426 sumo
2142 4377 2204 4424 eas
2220 4354 2324 4440 abige.

297 4463 386 4532 tudo
410 4461 551 4534 animae
576 4463 782 4548 rationalis,
822 4465 866 4532 de
890 4483 962 4555 qua
985 4484 1024 4528 re
1047 4459 1143 4532 scitis
1174 4459 1285 4528 multa
1439 4465 1501 4538 Vs.
1517 4466 1604 4540 aot.
1630 4461 1890 4555 Duotemporo]
1911 4459 1973 4531 Bis
1996 4460 2205 4530 eximuntur
2225 4454 2322 4524 mella

297 4561 765 4660 disputariaphilosophin.
819 4563 917 4636 Dens
940 4561 1071 4633 indidit
1094 4563 1286 4634 animanti·
1337 4571 1376 4641 in
1391 4569 1570 4664 principio
1587 4567 1681 4638 veris
1696 4578 1731 4636 et
1746 4566 1785 4634 in
1800 4577 1988 4636 autumno.

296 4667 363 4736 bus
387 4671 562 4760 quosdam
585 4667 738 4762 impetus
760 4667 835 4740 sine
859 4665 1013 4750 iudicio,
1054 4665 1129 4738 sine
1154 4666 1286 4758 cogita·
1440 4671 1501 4744 Vs.
1519 4673 1607 4746 232.
1644 4672 1806 4763 Taygete]
1832 4669 1966 4752 idest,
1999 4665 2120 4735 Pleias
2145 4659 2323 4739 Arcadica,

297 4767 417 4854 tione,
444 4770 698 4855 sinuatione,
732 4783 772 4840 ut
786 4771 824 4839 in
838 4769 956 4863 equis,
981 4770 1149 4854 canibus,
1173 4769 1286 4838 leoni·
1338 4777 1422 4872 qnia
1440 4774 1596 4846 Arcades
1610 4772 1720 4864 primi
1736 4775 1880 4844 fuerunt
1896 4770 2045 4842 studiosi
2067 4790 2192 4838 rerum
2220 4762 2321 4833 coele-

296 4871 363 4943 bus
378 4885 413 4941 et
429 4874 541 4945 cervis
556 4874 677 4944 videre
695 4872 786 4945 licet.
827 4867 1286 4968 Equushabetseususin-
1337 4881 1465 4962 stium,
1499 4881 1593 4950 unde
1619 4876 1726 4946 etiarn
1750 4877 1918 4947 dicuntur
1938 4872 2045 4960 fuisse
2070 4871 2209 4965 priores
2232 4869 2321 4936 luna.

298 4975 470 5063 ῑθῖἷθΐθθ,
496 4973 802 5072 habelqlfflssdam
821 4975 1286 5068 Pall⁰⁰i¹¹³ll⁰ss0¹¹¹a³ssss⁰·
1339 4984 1509 5076 Ostendit]
1537 4980 1745 5052 Onentibus
1767 4979 1972 5050 Pleiadihus
1996 4975 2147 5047 cosmice
2173 4973 2208 5042 in
2229 4966 2321 5039 Molo

298 5080 363 5148 scit
378 5073 504 5150 herum
521 5105 645 5164 suum,
672 5080 836 5150 meminit
851 5082 941 5151 loca.
993 5076 1147 5148 ldemlit
1168 5080 1206 5147 in
1229 5104 1286 5147 ca·
1336 5090 1431 5172 fere,
1473 5087 1556 5182 quia
1583 5084 1652 5178 ipsi
1673 5084 1850 5156 maturius
1872 5082 2044 5153 eximunt.
2109 5077 2202 5150 Nam
2225 5071 2321 5143 citius

297 5179 404 5250 nibus
419 5195 454 5252 et
468 5183 642 5254 leonibus.
694 5185 790 5278 Quid
813 5183 922 5275 igitur
942 5180 1090 5251 interest
1110 5182 1204 5252 inter
1228 5207 1286 5252 co·
1337 5187 1472 5260 hahent
1486 5189 1561 5261 dies
1580 5189 1780 5260 calidiores,

298 5281 488 5374 gitatioucs
501 5284 579 5357 illas
595 5287 679 5382 equi
694 5301 728 5356 et
742 5283 922 5358 hominis?
949 5285 1178 5376 Respoudco.
1210 5283 1286 5354 Ho-
1338 5317 1535 5326 ---
1688 5353 1691 5360 ,

298 5383 414 5456 mines
429 5382 564 5459 habent
578 5401 696 5462 actum
711 5393 903 5474 reflexum,
928 5391 1033 5460 bruta
1049 5413 1126 5458 non
1139 5385 1284 5460 habent.
1373 5389 1419 5444 ¹⁴)
1437 5383 1533 5435 nato.
1555 5383 1598 5444 ¹⁰·
1615 5383 1658 5435 ’ἃ
1686 5383 1754 5432 ¹⁴⁰⁰·
1776 5379 1818 5440 ¹²³
1836 5382 1864 5430 ⁴·

298 5483 472 5561 Homines
486 5491 646 5562 iudicant
659 5493 758 5564 illam
775 5517 877 5563 suam
893 5491 1159 5584 cogitationem.
1207 5493 1284 5584 Ego
1372 5445 1983 5586 iii'oiii‘ha'ilai'raiifi'dificilis}
1999 5445 2069 5566 hbe.
