4838 6116
74 239 119 312 17
400 228 571 304 cxxvu.
631 181 1031 306 uruaraurluo
1064 211 1450 306 suurunrunou
1484 229 1791 310 ruaouurou.
2063 248 2116 318 1s·

116 409 224 486 Nunc
240 407 384 504 quidem
399 402 468 478 bac
480 427 651 501 sequere,
677 405 874 502 aliquando
897 405 988 478 alius
1005 428 1064 474 co·
1168 405 1308 500 Cyrne,
1334 429 1399 500 per
1416 405 1608 478 Graeciam
1630 419 1765 478 terram
1787 434 1955 500 versans,
1989 429 2024 486 et
2046 443 2112 512 per

477 510 554 580 lore
574 509 659 596 bas,
825 593 829 600 Ι
1526 509 1682 597 insulas,

172 615 307 688 Celeris
319 611 474 686 mutatio
485 612 631 708 quidem
646 612 820 706 sapientia
838 625 890 684 est
906 635 1063 686 morum.
1218 612 1365 686 Piscoso
1380 612 1558 686 transiens
1570 614 1666 684 mari
1680 614 1719 684 in
1736 616 1869 703 sterili,

115 721 243 815 Neque
278 718 385 790 nimis
425 710 635 807 indignare,
685 739 767 790 cum
806 719 1064 810 perturbantur
1167 713 1250 788 Non
1266 741 1441 812 equorum
1460 717 1568 810 tergis
1582 717 1759 803 insidens,
1785 722 1845 792 sed
1862 733 1897 792 tc
1911 723 2057 798 mittent

485 819 598 903 cives,
1115 815 1192 894 250
1218 819 1413 913 Splendida
1422 819 1468 917 ¹⁸)
1490 821 1675 894 Musarum
1706 825 1802 909 dona
1831 824 1936 898 violis
1964 854 2114 906 corona-

71 928 145 1004 220
171 925 306 1020 Cycne;
349 924 469 996 media
490 934 609 996 autem
630 945 739 1016 perge
763 923 839 1009 via,
877 925 1063 1019 quomodo
1528 923 1716 1020 tamm¹⁹).

484 1049 562 1119 ego.
1167 1024 1346 1100 Omnibus
1366 1027 1483 1113 euim,
1516 1027 1646 1122 quibus
1667 1052 1774 1100 curae
1800 1044 1872 1116 est,
1905 1045 1941 1104 et
1961 1041 2114 1129 posteris

119 1131 292 1229 Quisqu'u
324 1131 470 1227 quidem
491 1141 595 1222 putat
617 1130 823 1222 proximum
848 1155 952 1203 suum
975 1129 1064 1202 scire
1282 1133 1306 1178 κ’
1535 1154 1702 1216 carmen,

478 1227 591 1316 nihil,
840 1248 843 1258 ·
1218 1231 1300 1306 Eris
1317 1257 1417 1320 curn,
1444 1236 1558 1306 donec
1573 1246 1668 1305 terra
1689 1247 1725 1306 et
1740 1236 1794 1307 sol
1810 1248 1921 1311 crunt.

172 1338 242 1409 Sed
256 1335 348 1434 sest)
365 1333 441 1429 ipse
456 1335 572 1408 solum
587 1336 687 1406 varia
706 1336 854 1408 consilia
871 1332 1021 1407 babere:
1170 1335 1360 1438 Caeterum
1382 1362 1450 1431 ego
1472 1339 1652 1409 modicam
1678 1361 1697 1408 a
1723 1351 1758 1410 te
1783 1364 1984 1436 consequor
2013 1368 2114 1416 reve·

116 1440 181 1512 llle
198 1463 284 1513 sane
300 1461 424 1510 amens
439 1451 510 1523 est,
534 1451 655 1512 mente
669 1440 832 1534 privatos
849 1441 964 1521 bona;
1530 1441 1702 1512 rentiam:

171 1546 296 1638 Aeque
313 1544 409 1614 enim
428 1565 552 1614 omnes
566 1544 666 1614 varia
679 1543 820 1616 seimus.
1220 1543 1319 1637 Quin
1344 1558 1517 1641 tauquam
1542 1543 1710 1638 pusillum
1735 1569 1887 1638 puerum
1911 1549 2029 1621 verbis
2059 1577 2115 1622 me

76 1642 331 1724 caussatus
360 1644 505 1740 quidem
535 1669 611 1716 nou
641 1647 719 1718 vult
745 1660 867 1740 turpes
898 1657 1067 1742 quaestus
1532 1648 1679 1742 decipis.
2112 1697 2117 1706 ·

351 1795 353 1800 -
489 1748 609 1843 sequi;
1118 1743 1195 1826 255
1222 1747 1510 1822 pulcherrimum
1532 1764 1584 1824 eet
1604 1756 1661 1838 id,
1687 1753 1774 1850 quod
1793 1760 1844 1823 eet
1864 1750 2114 1840 iustissimum
2243 1811 2245 1818 .

174 1853 290 1924 Alteri
305 1875 413 1934 vero,
441 1851 515 1921 doli
531 1850 645 1943 magis
661 1852 821 1926 infideles
837 1855 989 1947 placent.
1534 1855 1712 1948 optimum
1731 1877 1817 1926 vero
1837 1866 1890 1926 est
1902 1858 2032 1932 valere.

121 1955 342 2028 Diuitiarum
359 1967 478 2029 autem
495 1956 615 2026 nullus
637 1965 687 2028 eal
709 1957 790 2028 finis
811 1971 928 2029 certus
950 1955 1067 2028 homi·
1222 1957 1294 2030 lies
1325 1981 1411 2028 vero
1438 1958 1695 2032 iucundissima
1722 1968 1775 2028 est
1806 1955 1866 2041 id,
1905 1966 2002 2055 quod
2038 1967 2118 2062 quis

480 2060 603 2138 nibus;
1536 2076 1656 2146 amat,
1683 2063 1835 2157 assequi.

174 2161 251 2257 Qui
265 2161 360 2232 enim
376 2185 472 2234 nunc
488 2187 530 2234 ex
551 2161 656 2232 nobis
671 2161 846 2255 plurimas
862 2160 997 2236 babent
1017 2165 1069 2234 la·
1172 2161 1274 2258 Equa
1292 2187 1358 2257 ego
1372 2166 1455 2238 'mm
1474 2162 1658 2266 pulchra,
1678 2178 1714 2236 et
1739 2166 1923 2252 certatrix,
1955 2176 2017 2244 sed
2041 2199 2118 2268 pes.

397 2313 401 2323 ·
492 2265 660 2350 cultates,
1540 2270 1672 2342 simum
1803 2313 1808 2326 ι

123 2368 246 2461 Duplo
271 2391 400 2462 augere
420 2392 479 2442 eus
501 2379 717 2462 properant;
748 2371 913 2465 quisnam
933 2387 1070 2446 satura·
1224 2369 1351 2440 Virum
1365 2371 1462 2454 fero,
1490 2370 1631 2444 etmihi
1650 2370 1717 2464 hoc
1735 2373 2037 2452 molestissimum.

486 2473 579 2543 verit
600 2471 749 2545 omnes?
780 2519 784 2529 ·
1174 2471 1287 2566 Saepe
1302 2476 1463 2564 prolecto
1480 2477 1635 2568 cogitavi
1651 2477 1843 2568 effringens
1858 2479 2000 2552 frenum

78 2575 150 2650 280
177 2573 331 2673 open)
345 2574 491 2670 quidem
507 2577 721 2649 mortalibus
736 2588 820 2648 suut
838 2579 1007 2651 amentia.
1122 2573 1201 2658 260
1224 2575 1384 2666 Fugere,
1411 2581 1593 2650 excutiens
1609 2581 1746 2650 malum
1762 2581 1938 2670 aurigam.

127 2683 195 2750 Ate
203 2677 250 2774 ¹⁷)
266 2691 386 2750 autem
402 2680 522 2753 statim
540 2679 702 2772 emergit,
723 2703 832 2775 quam
848 2706 929 2753 cum
937 2679 1072 2776 Iupiter
1174 2677 1259 2750 Non
1285 2672 1375 2747 mibi
1395 2678 1533 2752 bibitur
1556 2682 1703 2765 vinum,
1736 2693 1929 2776 postquam
1954 2689 2000 2756 ad
2022 2691 2123 2780 puel·

177 2781 299 2852 Mittet
316 2782 583 2866 laborantibus,
610 2783 697 2857 aliis
714 2785 804 2854 alios
819 2779 939 2856 babet.
1539 2784 1613 2854 lam
1626 2797 1788 2856 teneram

125 2883 200 2956 Arx
216 2895 253 2954 et
267 2883 380 2957 turris
393 2877 457 2980 qui
469 2898 548 2956 erat
560 2887 670 2956 stulto
685 2887 843 2981 populo,
1226 2883 1328 2956 Alius
1343 2884 1399 2954 vir
1412 2879 1571 2972 habitat,
1596 2887 1711 2958 multo
1727 2913 1785 2958 me
1804 2887 1926 2979 peior,
1964 2971 1969 2980 ,

177 2988 317 3082 Cyrne,
354 2988 536 3060 modicum
558 2984 734 3061 bonorem
759 2991 988 3088 consequitur
1009 2993 1073 3063 bo·
1174 2987 1359 3080 Frigidam
1377 2983 1468 3058 mihi
1480 2993 1577 3082 apud
1590 3013 1670 3062 eam
1683 2986 1783 3063 chari
1799 2991 1930 3063 bibunt
1945 3009 2124 3086 parentes,

485 3115 553 3164 nus
569 3091 637 3166 vir.
1228 3092 1351 3185 Quare
1368 3092 1477 3163 simul
1493 3107 1669 3189 aquetur,
1704 3108 1739 3164 et
1754 3120 1812 3166 me
1827 3096 2030 3174 lamentans
2045 3103 2126 3175 lert.

77 3193 150 3270 285
176 3195 306 3291 Neque
332 3194 486 3289 amplius
515 3197 615 3266 decet
644 3220 730 3281 nos,
770 3196 942 3269 nimirum
976 3198 1074 3272 viros
1125 3190 1202 3271 265
1225 3192 1302 3267 Illic
1333 3196 1492 3266 mediam
1520 3202 1632 3289 iprum
1656 3200 1812 3290 puellam
1837 3201 2022 3293 amplexus
2044 3205 2126 3276 bra-

497 3299 633 3384 salvos,
1534 3296 1637 3386 chio,
1664 3302 1843 3373 osculatus
1859 3328 1938 3376 sum

175 3399 335 3473 Diruere
373 3413 546 3498 tauquam
587 3401 740 3473 civitatis
778 3403 922 3475 moenia
966 3429 1074 3500 expu-
1230 3402 1390 3482 Collum;
1408 3401 1469 3471 illa
1485 3427 1572 3472 vcro
1587 3414 1751 3474 tenerum
1767 3405 1983 3500 loquebatur
1995 3436 2039 3482 ex
2054 3437 2128 3485 ore.

495 3509 670 3599 gnandae.
1178 3504 1500 3598 Cognoscibilisest
1514 3527 1600 3576 sane
1617 3521 1830 3600 paupertas,
1857 3521 1893 3580 et
1915 3512 2031 3586 aliena
2056 3518 2128 3586 exi-

122 3607 211 3680 Tibi
230 3608 377 3704 quidem
392 3633 459 3703 ego
478 3611 552 3702 alas
573 3608 675 3694 dedi,
709 3631 790 3680 cum
814 3609 944 3704 quibus
966 3636 1076 3706 super
1542 3620 1655 3691 stenes

493 3714 708 3786 immensum
727 3735 827 3782 marc
1228 3710 1355 3806 Neque
1371 3712 1466 3783 enim
1484 3711 1523 3783 in
1536 3714 1657 3785 forum
1673 3715 1793 3800 veuit,
1818 3741 1935 3812 neque
1948 3718 2094 3794 iudicia.

172 3813 347 3899 Volabis,
371 3836 438 3907 per
452 3829 587 3888 terram
604 3839 748 3888 omnem
766 3815 926 3888 sublatus
1178 3813 1323 3908 Ubique
1352 3816 1450 3886 enim
1482 3817 1640 3890 deterius
1667 3811 1796 3904 babet,
1836 3821 1970 3916 ubique
1991 3836 2026 3895 et
2045 3847 2126 3918 per·

121 3917 266 4000 Facile;
294 3919 409 4011 epulis
424 3943 510 3992 vero
527 3933 562 3992 et
576 3919 749 4011 conviqiis
764 3918 881 3990 aderis
1542 3921 1668 4002 mista;

75 4019 147 4094 240
173 4019 218 4092 ln
241 4021 428 4109 omnibus,
453 4025 651 4096 multorum
668 4044 814 4094 versans
827 4021 866 4092 in
881 4019 1014 4093 oribus.
1126 4021 1204 4096 270
1229 4021 1375 4119 Ubique
1395 4047 1482 4094 vero
1506 4023 1653 4094 inimica
1674 4023 1781 4097 simul
1807 4039 1880 4112 est,
1921 4029 2125 4126 ubicunque

122 4123 168 4196 Et
181 4139 221 4197 te
238 4151 322 4197 cum
334 4125 431 4198 tibiis
447 4128 589 4200 canoris
605 4125 751 4199 iuvenes
765 4125 837 4196 viri
1319 4209 1329 4220 ἱ
1538 4127 1660 4199 luerit.

171 4226 218 4298 ln
235 4229 375 4302 mundo
396 4231 566 4302 amabiles
580 4225 729 4302 honesta
747 4241 781 4300 et
796 4227 919 4300 suavia
1156 4229 1160 4253 ¹
1176 4227 1387 4328 Aequaliter
1403 4253 1490 4302 sane
1505 4231 1575 4302 alia
1592 4229 1738 4326 quidem
1754 4231 1816 4300 Dii
1831 4233 2042 4306 mortalibus
2059 4229 2126 4306 bo·

122 4331 286 4413 Canem
330 4346 365 4403 et
389 4348 581 4429 postquam
606 4334 812 4406 tenebrosas
832 4333 899 4404 sub
919 4329 1074 4402 latebras
1547 4335 1725 4419 minibus,

488 4449 604 4506 terrac
1228 4433 1527 4534 senectutemque
1559 4463 1727 4530 gravem,
1760 4449 1795 4506 ct
1818 4437 2039 4510 iuventutem
2064 4441 2125 4510 de-

171 4535 310 4624 leeris,
335 4539 515 4612 luctuosas
532 4539 571 4608 in
585 4538 680 4610 Ditis
696 4540 842 4608 domos:
1540 4542 1689 4621 demun

72 4637 145 4712 245
172 4642 398 4737 Nunquam,
429 4666 476 4712 ue
496 4653 660 4714 mortuus
681 4645 814 4738 quidem
836 4637 977 4710 amittes
1000 4639 1074 4730 glo·
1176 4639 1352 4714 Omnium
1375 4667 1462 4716 vero
1478 4643 1672 4740 pessimum
1691 4641 1786 4716 inter
1806 4638 1992 4728 homines,
2025 4669 2122 4716 mor·

496 4747 609 4830 riam,
634 4768 751 4838 neque
770 4743 916 4826 latebis,
1541 4759 1648 4841 teque

172 4841 608 4920 lmmortalebominibus
619 4870 760 4940 semper
774 4843 911 4918 habeus
927 4865 1073 4926 nomen,
1225 4844 1279 4918 Ee
1291 4847 1460 4920 omnibus
1476 4847 1614 4922 morbis
1628 4860 1680 4922 est
1693 4847 1866 4943 nequius,

355 4964 357 4972 “
1124 4943 1201 5024 276
1227 4948 1378 5024 Liberos
1392 4965 1584 5048 postquam
1606 4953 1832 5035 educaveris,
1865 4964 1901 5022 et
1920 4953 2119 5026 necessaria

1524 5056 1655 5128 'omnia
1671 5054 1900 5147 praebueris,

106 5165 152 5224 15)
172 5163 230 5226 ιο]ἱ
247 5159 278 5210 lu
294 5160 344 5212 td.
359 5157 435 5212 tm.
454 5158 543 5214 tusc.

105 5257 730 5398 rqbtppgqudefflqqqmdnqupnat
753 5257 839 5314 mm·
861 5257 954 5324 lm,
986 5257 1073 5324 Μ’
1158 5319 1207 5379 18)
1225 5315 1449 5382 spissusque
1474 5313 1522 5380 (ε
1540 5315 1661 5378 utnon.
1680 5305 1788 5380 driusi)
1807 5313 1892 5368 utttc
1914 5313 2111 5374 lun-100¹,
2202 5307 2209 5326 “

105 5441 150 5504 ¹⁷)
170 5435 240 5503 ³20]
267 5435 310 5487 ¹¹0
333 5439 385 5498 t=
401 5435 521 5501 msogn,
536 5429 618 5502 uss)
641 5433 728 5490 turc.
749 5429 841 5498 tren,
867 5427 961 5498 tum,
987 5427 1073 5496 ress,
1192 5388 1245 5440 Μ·
1259 5388 1335 5440 ¹⁶⁶¹·
1354 5384 1512 5450 ⁸⁹¹⁰⁰⁶¹⁰u

138 5509 237 5570 ¹³⁶¹-s
267 5503 353 5556 run.
368 5505 464 5564 uem
483 5503 558 5557 sero.
574 5505 648 5556 uste
665 5499 839 5556 missurn:
863 5499 888 5550 a
906 5501 943 5552 u.
1159 5493 1206 5553 rs)
1225 5489 1435 5550 mensum]
1453 5488 1503 5544 rc
1518 5487 1594 5540 ress.
1610 5486 1709 5542 neruo
1726 5489 1855 5551 smus
1884 5491 2092 5544 smum,

77 5595 262 5660 ttccssrn.
287 5587 394 5654 Orus.
416 5587 502 5654 Von.
526 5589 621 5656 xlx.
1635 5561 1660 5631 2

1123 5211 1331 5230 *ι*
